5294 6592
844 786 942 877 dhe
968 784 1106 876 little
1130 786 1228 876 tlte
1254 784 1383 876 ticoh
1407 786 1457 877 ot
1488 786 1676 876 ssttstot.
1943 811 2010 882 13³

507 1000 682 1085 Johannis
711 999 822 1068 Stolre
856 1001 1035 1086 quondam
1069 997 1258 1086 burgensis
1293 998 1378 1066 ville
1413 999 1594 1066 Bristollie
1631 999 1832 1085 supradicte
1866 997 2013 1065 fundate

509 1149 545 1206 et
578 1137 671 1204 facte
707 1137 746 1204 in
781 1138 920 1224 capella
956 1135 1081 1204 Sancti
1114 1136 1261 1216 Thome,
1292 1135 1460 1216 Bristoll.,
1497 1135 1731 1202 Bathoniensi
1767 1143 1803 1200 et
1838 1133 2014 1201 wellensi

507 1277 652 1357 diocesi,
680 1295 745 1361 per
772 1273 991 1342 venerabiles
1019 1275 1114 1341 viros
1141 1273 1362 1341 willelmum
1392 1271 1581 1362 Canynges
1602 1283 1639 1340 et
1658 1273 1858 1341 walterum
1879 1273 2012 1358 Derby,

507 1416 704 1502 burgenses
731 1411 900 1491 Bristoll.,
928 1420 1033 1496 prout
1061 1408 1100 1474 in
1135 1408 1347 1495 quibusdam
1383 1410 1510 1476 litteris
1545 1409 1749 1495 patentibus
1785 1409 1830 1476 de
1865 1408 2015 1475 licencia

509 1549 657 1636 speciali
684 1545 914 1614 illustrissimi
943 1544 1059 1632 Regis
1095 1545 1207 1612 nostri
1243 1544 1392 1612 Ricardi
1428 1547 1573 1613 secundi
1609 1546 1743 1632 Anglie
1779 1565 1873 1613 anno
1910 1547 2013 1632 regni

510 1685 566 1754 sui
616 1692 718 1751 sexto
768 1682 907 1769 plenius
957 1681 1166 1762 continetur,
1218 1681 1386 1749 dilectum
1430 1681 1518 1748 mihi
1561 1681 1599 1747 in
1642 1681 1787 1749 Christo
1831 1682 2013 1750 dominum

510 1825 730 1892 willelmum
753 1820 909 1907 Sidbury
930 1819 1162 1904 Capellanum
1188 1820 1439 1887 Bathoniensis
1468 1830 1505 1886 et
1531 1819 1726 1887 wellensis
1755 1819 1936 1888 dioceseos
1968 1820 2015 1888 ad

511 1961 642 2028 dictam
672 1957 867 2025 cantariam
896 1956 934 2023 in
962 1958 1079 2023 locum
1107 1957 1243 2024 domini
1272 1956 1421 2024 Ricardi
1458 1956 1642 2036 Coventre,
1684 1955 1802 2023 ultimi
1836 1957 2012 2042 capellani

510 2099 668 2166 eiusdem
698 2095 874 2175 Cantarie,
904 2092 1070 2174 defuncti,
1100 2092 1242 2160 racione
1270 2093 1483 2186 maioritetis
1510 2094 1593 2162 ville
1629 2094 1787 2181 predicte
1821 2096 1890 2161 hec
1924 2095 2014 2174 vioe,

511 2235 557 2301 ad
616 2232 864 2299 celebrandum
916 2229 1039 2296 divina
1090 2229 1241 2315 singulis
1296 2231 1422 2296 diebus
1466 2229 1503 2297 in
1546 2213 1685 2316 capella
1736 2230 1895 2316 predicta
1949 2249 2016 2316 pro

511 2369 698 2436 animabus
734 2368 773 2433 in
812 2367 1037 2435 ordinacione
1078 2386 1140 2432 seu
1179 2365 1439 2451 composicione
1472 2366 1575 2434 'dicte
1611 2365 1777 2433 Canterie
1814 2355 2013 2451 specialiter

511 2503 775 2590 comprehensis
818 2503 864 2570 ad
907 2502 1233 2570 denominacionem
1278 2503 1530 2574 discretioni
1573 2503 1740 2590 Magistri
1785 2503 1933 2570 Henrici
1969 2503 2016 2570 de

511 2641 767 2724 Netheravene,
797 2649 882 2706 tunc
916 2639 1039 2706 vicarii
1074 2639 1120 2706 de
1148 2638 1363 2726 Redeclyve,
1392 2639 1561 2720 Bristoll.,
1597 2639 1751 2706 Bathon.
1789 2649 1826 2706 et
1862 2639 2013 2706 wellen.

513 2777 656 2858 diocesi,
685 2786 722 2843 et
750 2786 1014 2862 procuratorum
1043 2775 1178 2861 prefate
1209 2777 1346 2862 capelle
1383 2775 1509 2844 Sancti
1531 2776 1668 2844 Thome
1689 2776 1751 2863 qui
1772 2796 1837 2862 pro
1859 2786 2019 2864 tempore

512 2911 642 2979 fuerint
695 2911 733 2978 in
787 2914 1005 2997 corporalem
1055 2914 1315 2999 possessionem
1370 2923 1564 2981 memorate
1609 2913 1776 2982 Cantarie
1818 2934 1898 2982 cum
1942 2913 2016 2981 suis

513 3048 741 3136 pertinenciis
794 3049 968 3117 universis
1021 3049 1114 3116 infra
1164 3050 1428 3136 quatuordecim
1471 3049 1549 3118 dies
1598 3061 1680 3137 post
1730 3061 1880 3119 mortem
1929 3049 2017 3118 dicti

514 3185 663 3252 Ricardi
702 3187 906 3254 immediate
944 3195 1131 3273 sequentes
1170 3196 1207 3252 et
1241 3198 1348 3271 prout
1389 3187 1514 3255 maiori
1549 3187 1634 3254 ville
1669 3188 1827 3273 predicte
1854 3187 1916 3274 qui
1951 3206 2018 3272 pro

513 3334 673 3410 tempore
693 3321 798 3391 hrerit
822 3324 1014 3392 secundum
1042 3325 1117 3391 vim
1145 3325 1417 3411 composicionis
1444 3323 1602 3409 predicte
1631 3322 1676 3390 de
1705 3323 1780 3390 iure
1806 3321 2017 3402 attribuitur,

515 3459 654 3542 mmisi,
693 3461 798 3546 posui
837 3461 970 3546 pariter
1004 3471 1042 3528 et
1077 3460 1212 3528 induxi.
1278 3461 1326 3528 Et
1367 3462 1621 3546 subsequenter
1659 3457 1817 3546 prefatus
1854 3461 2018 3527 dominus

513 3586 717 3654 willelmus
753 3587 908 3676 Sidbury
944 3607 1062 3654 coram
1099 3607 1157 3654 me
1191 3585 1329 3674 prefato
1363 3587 1545 3655 wrllelmo
1589 3585 1795 3655 Somerwell
1830 3587 1868 3654 in
1910 3588 2020 3673 plena
2148 3639 2152 3648 .

516 3723 623 3794 Curia
645 3725 683 3791 in
707 3724 872 3808 Gihalda,
901 3726 1058 3794 Bristoll.
1088 3726 1340 3812 sollempniter,
1370 3735 1419 3794 ut,
1438 3723 1548 3790 moris
1569 3731 1634 3803 est,
1656 3724 1751 3809 quod
1773 3722 2021 3790 ordinaciones

516 3874 554 3929 et
603 3862 724 3928 omnia
773 3883 881 3930 onera
924 3863 962 3930 in
1004 3864 1101 3930 dicta
1143 3861 1403 3948 composicione
1446 3868 1613 3929 contenta
1656 3861 1746 3927 bene
1789 3868 1826 3928 et
1868 3859 2019 3928 fideliter

515 3998 719 4064 observaret
746 3999 928 4084 corporale
955 3997 1110 4084 prestitit
1146 4007 1416 4064 sacramentum.
1475 3998 1520 4065 In
1555 3998 1655 4066 cuius
1691 3999 1744 4065 rei
1779 3997 2019 4066 testimonium

516 4137 675 4224 sigillum
703 4134 810 4203 officii
838 4135 982 4203 maioris
1007 4135 1091 4202 ville
1119 4135 1276 4223 predicte
1301 4137 1457 4222 presenti
1478 4137 1639 4222 apposui.
1683 4137 1818 4203 Datum
1840 4136 2023 4204 Bristollie

514 4271 672 4358 predicte
699 4272 867 4341 vicesimo
896 4283 1021 4340 octavo
1049 4273 1109 4341 die
1136 4273 1270 4342 mensis
1298 4274 1465 4362 Augusti,
1491 4294 1586 4341 anno
1610 4273 1713 4362 regni
1734 4273 1850 4360 Regis
1872 4273 2022 4340 Ricardi

516 4409 663 4479 secundi
689 4420 773 4496 post
801 4419 1031 4497 conqueshtm
1059 4411 1193 4500 Anglie
1222 4412 1441 4480 duodecimo.
1497 4408 1629 4504 [¹³⁸⁸]-

345 4701 435 4769 tsse.
646 4681 818 4749 Mandate
839 4680 929 4749 from
951 4682 1111 4751 Richard
1131 4683 1182 4751 11.
1205 4693 1243 4753 to
1263 4685 1321 4752 his
1340 4685 1438 4753 chief
1453 4686 1580 4770 butler,
1603 4685 1652 4752 all
1679 4684 1837 4766 Sheriffs,
1860 4683 2017 4772 Mayors,

290 4865 337 4918 Β,
354 4876 492 4918 cmm
516 4819 666 4900 Balliffs,
689 4820 900 4901 merchants,
922 4819 1105 4902 mariners,
1126 4831 1204 4902 etc,
1225 4821 1280 4889 for
1301 4824 1362 4890 the
1382 4825 1452 4890 due
1471 4825 1686 4890 observance
1705 4822 1746 4889 of
1768 4823 1827 4893 the
1846 4820 2022 4908 privilege

290 4930 490 4984 mmm·
515 4959 667 5042 granted
696 4965 734 5023 to
762 4958 824 5024 the
852 4967 947 5025 town
975 4956 1017 5024 of
1040 4957 1251 5042 waterford,
1281 4960 1319 5026 in
1348 4959 1501 5042 Ireland,
1527 4971 1565 5026 to
1593 4959 1665 5041 wit,
1687 4960 1766 5026 that
1787 4978 1834 5025 no
1855 4966 2021 5042 stranger

516 5092 609 5158 shall
637 5093 728 5158 have
757 5113 780 5158 a
807 5092 900 5162 wine
927 5104 1051 5160 tavern
1077 5104 1204 5182 except
1232 5116 1280 5162 on
1309 5098 1420 5164 board
1449 5095 1541 5181 ship,
1568 5096 1640 5162 and
1675 5095 1754 5161 that
1789 5094 1849 5161 the
1886 5092 2021 5178 King's
