5224 6596
821 837 919 932 ilbc
942 835 1202 926 littlclieb
1228 838 1358 930 boot
1383 839 1435 930 oi
1461 837 1651 932 titiam.
1914 875 1986 954 225

478 1061 723 1143 procuratores
750 1062 788 1120 et
815 1071 936 1120 sonum
964 1069 1185 1118 successores
1210 1051 1469 1140 imperpetuum
1491 1053 1646 1139 missale,
1667 1059 1824 1142 calicem,
1846 1081 1990 1150 panem,

478 1193 611 1272 vinum,
657 1199 866 1259 ornamenta
910 1196 947 1256 et
985 1188 1107 1256 omnia
1143 1159 1217 1256 alia
1255 1191 1457 1258 necessaria
1494 1211 1560 1278 pro
1600 1191 1719 1264 missis
1758 1199 1987 1270 celebrandis.

480 1329 528 1396 Et
570 1327 741 1414 percipiet
780 1327 895 1394 dictus
931 1325 1138 1411 capellanus
1186 1326 1370 1394 celebrans
1415 1345 1481 1414 pro
1529 1329 1716 1400 animabus
1747 1335 1916 1421 predictis
1950 1339 1989 1406 in

480 1466 576 1534 dicto
605 1463 770 1534 Oratorio
791 1462 974 1530 annuatim
995 1481 1060 1548 pro
1082 1461 1260 1548 stipendio
1281 1465 1326 1532 de
1347 1463 1453 1532 dictis
1473 1485 1626 1552 persona
1646 1476 1683 1536 et
1703 1474 1991 1557 procuratoribus

479 1610 537 1677 vel
573 1627 693 1675 comm
730 1602 991 1672 successoribus
1026 1602 1286 1688 imperpetuum
1323 1621 1451 1669 novem
1487 1621 1626 1671 marcas
1662 1607 1709 1674 ad
1744 1607 1872 1677 minus.
1932 1611 1991 1680 Ac

478 1744 591 1812 eciam
620 1742 755 1810 Rector
782 1740 877 1807 dicte
905 1738 1053 1806 ecclesie
1080 1736 1141 1823 qui
1170 1756 1235 1822 pro
1264 1747 1423 1824 tempore
1457 1737 1561 1808 literit
1596 1741 1755 1828 quolibet
1791 1765 1887 1816 anno
1922 1749 1982 1818 die

480 1882 567 1950 dicti
602 1876 844 1956 anniversarii,
877 1875 909 1944 si
947 1895 1091 1961 pmns
1126 1874 1241 1954 fuerit,
1277 1875 1447 1963 percipiet
1486 1878 1671 1948 duodecim
1707 1881 1881 1954 denarios.
1937 1887 1986 1955 Et

478 2019 604 2088 eodem
633 2019 692 2086 die
720 2013 952 2084 anniuersarii
984 2013 1180 2099 percipient
1215 2013 1303 2079 dicti
1339 2027 1583 2100 procuratores
1618 2028 1655 2086 et
1690 2037 1810 2088 eorum
1847 2042 1987 2092 succes·

478 2175 577 2224 sores
606 2155 702 2222 omni
731 2173 827 2220 anno
855 2141 1126 2238 imperpetuum,¹
1153 2147 1303 2235 quilibet
1331 2169 1463 2232 eorum,
1493 2151 1679 2222 duodecim
1710 2155 1885 2226 denarios.
1930 2159 1991 2228 Ita

478 2293 573 2378 quod
602 2289 720 2376 Major
746 2287 832 2356 ville
860 2285 1041 2354 Bristollie
1068 2285 1131 2371 qui
1159 2305 1224 2370 pro
1260 2297 1418 2374 ternpore
1454 2287 1558 2358 buerit
1594 2291 1633 2357 in
1669 2292 1824 2362 crastino
1861 2297 1987 2364 Sancti

478 2426 665 2496 Michaelis
723 2423 907 2492 annuatim
963 2423 1220 2508 imperpetuum
1278 2425 1465 2511 personale
1521 2436 1559 2494 et
1608 2427 1792 2516 solempne
1840 2431 1989 2520 recipiet

476 2565 715 2652 jmamennm
758 2563 806 2628 de
841 2561 938 2628 dicto
974 2560 1160 2644 capellano
1196 2560 1244 2628 ad
1283 2561 1415 2630 dictam
1453 2560 1658 2634 Centuriam
1694 2567 1858 2634 ordinato
1893 2571 1989 2656 quod

477 2701 629 2773 fideliter
678 2697 830 2786 singulis
880 2695 1005 2763 diebus
1055 2695 1125 2762 nisi
1175 2694 1373 2782 legitimam
1420 2697 1459 2764 in
1501 2697 1615 2766 forma
1657 2701 1817 2786 predicta
1859 2702 1987 2773 babuit

478 2837 746 2906 excusacionem
784 2853 849 2921 pro
886 2832 1073 2901 animabus
1117 2831 1286 2918 predictis
1329 2842 1366 2901 et
1406 2835 1594 2903 animabus
1632 2837 1790 2906 omnium
1830 2838 1989 2908 fidelium

477 2974 729 3054 detractorum,
760 2973 915 3040 aceciam
943 2990 1009 3057 pro
1045 2969 1179 3038 salubri
1216 2980 1312 3038 statu
1348 2973 1493 3058 majoris
1528 2981 1566 3040 et
1600 2975 1867 3044 communitatis
1901 2977 1987 3047 ville

479 3111 660 3180 Bristollie
688 3110 727 3176 in
757 3109 852 3177 dicto
881 3107 1046 3176 Oratorio
1075 3116 1112 3174 et
1140 3127 1214 3174 non
1243 3106 1330 3176 alibi
1356 3109 1558 3191 celebrabit,
1581 3121 1619 3178 et
1640 3112 1836 3193 matutinis,
1857 3114 1989 3197 missis,

476 3250 634 3336 vesperis
663 3257 699 3315 et
729 3246 810 3314 aliis
837 3245 936 3342 horis
965 3244 1146 3312 canonicis
1175 3243 1252 3312 sine
1282 3261 1391 3311 causa
1419 3243 1629 3313 rationabili
1657 3254 1694 3312 et
1724 3247 1886 3334 legitima
1916 3268 1989 3316 non

477 3405 517 3452 se
546 3381 749 3450 absentabit
785 3381 863 3446 sine
898 3379 1050 3447 licencia
1085 3399 1236 3466 persone
1272 3379 1305 3446 si
1340 3399 1487 3466 presens
1522 3380 1637 3464 fuerit,
1673 3387 1732 3452 vel
1766 3385 1871 3452 vuius
1906 3407 1990 3473 pro·

477 3534 676 3593 curatorum
690 3523 785 3590 dicte
798 3521 947 3590 ecclesie
961 3522 1000 3589 in
1014 3520 1182 3589 absencia
1202 3541 1352 3607 persone
1373 3521 1532 3609 predicti.
1576 3523 1717 3608 Jurabit
1737 3523 1849 3590 eciam
1872 3523 1991 3590 dictus

477 3663 682 3749 capellanus
711 3679 830 3726 coram
871 3632 1009 3745 ¹Maiore
1043 3659 1129 3726 ville
1165 3658 1323 3746 predicte
1359 3659 1420 3746 qui
1456 3679 1520 3745 pro
1556 3669 1716 3746 tempore
1750 3659 1855 3727 merit
1891 3659 1988 3746 quod

477 3821 549 3868 non
578 3799 723 3884 recipiet
752 3796 921 3865 annualia
948 3795 1117 3883 quamdiu
1154 3797 1191 3863 in
1224 3797 1320 3863 dicto
1356 3796 1504 3864 seruitio
1540 3797 1708 3865 extiterit.
1752 3795 1828 3864 Nec
1863 3797 1986 3865 licebit

476 3937 583 4003 alicui
611 3935 745 4001 dictum
774 3933 998 4021 capellanum
1028 3951 1052 3998 a
1079 3931 1176 3999 dicta
1216 3931 1386 4002 Caularis
1413 3935 1563 4002 durante
1591 3933 1667 4002 vita
1696 3953 1762 4002 sua
1797 3933 1987 4021 expellere,

476 4073 554 4140 sine
582 4069 789 4139 defectubus
823 4067 1040 4137 notabilibus
1075 4078 1113 4136 et
1148 4087 1266 4138 coram
1303 4071 1481 4138 ordinario
1518 4091 1582 4140 suo
1617 4071 1778 4158 legitime
1813 4069 1985 4157 probatis.

475 4211 523 4276 Et
553 4211 585 4277 si
613 4227 765 4295 persona
793 4217 830 4275 et
857 4215 1101 4292 procuratores
1129 4206 1223 4274 dicte
1246 4207 1394 4276 ecclesie
1423 4207 1484 4294 qui
1512 4225 1579 4294 pro
1606 4216 1766 4294 tempore
1790 4205 1918 4274 firerint
1943 4205 1983 4273 in

475 4345 595 4432 aliqua
637 4353 740 4430 parte
779 4343 883 4410 istius
919 4342 1168 4422 ordinacionis,
1207 4345 1302 4430 quod
1344 4345 1449 4424 absit,
1488 4342 1689 4424 defecerint,
1729 4343 1821 4410 bene
1860 4342 1983 4410 licebit

475 4481 605 4568 Maiori
645 4489 682 4549 et
724 4481 876 4547 Balliuis
917 4481 1003 4547 ville
1045 4481 1202 4568 predicte
1247 4482 1309 4568 qui
1345 4501 1411 4566 pro
1449 4489 1609 4566 tempore
1645 4479 1775 4548 luerint
1808 4479 1848 4546 in
1876 4478 1984 4548 dictis

474 4618 678 4705 mesuagiis,
722 4618 845 4703 shopis
888 4627 925 4684 et
967 4617 1119 4705 gardino
1155 4618 1287 4685 intrare
1322 4628 1359 4686 et
1394 4615 1618 4703 distringere,
1660 4625 1698 4683 et
1740 4615 1985 4684 districciones

473 4774 583 4842 penes
623 4775 662 4822 se
704 4753 866 4835 retinere,
907 4753 1019 4821 donec
1061 4755 1107 4821 de
1145 4753 1335 4842 arreragiis
1374 4762 1411 4820 et
1451 4751 1657 4820 deiectubus
1685 4753 1717 4819 si
1746 4772 1816 4839 que
1851 4751 1982 4820 fixerint

472 4893 632 4979 plenarie
659 4890 764 4959 fuerit
793 4889 1012 4960 satisfactum
1041 4911 1105 4977 per
1132 4909 1323 4978 personam
1351 4899 1388 4955 et
1412 4898 1656 4975 procuratores
1681 4889 1859 4975 predictos
1877 4889 1980 4976 Juxta

471 5029 621 5096 iormarn
650 5038 686 5096 et
707 5029 851 5094 modum
872 5027 1141 5096 ordinacionum
1160 5027 1406 5114 predictarum.
1451 5024 1501 5094 Et
1521 5026 1554 5093 si
1574 5027 1781 5112 capellanus
1802 5025 1984 5113 predictus

473 5163 535 5248 qui
563 5182 628 5254 pro
656 5173 816 5248 tempore
843 5160 948 5230 fuerit
976 5162 1014 5262 in
1043 5161 1213 5231 Cantaria
1239 5161 1399 5250 predicta
1413 5162 1555 5249 publice
1582 5161 1787 5231 diffamatus
1807 5161 1913 5230 fiterit
1934 5164 1982 5229 de

1869 5287 1895 5354 Q
