5224 6596
867 797 965 892 ibt
988 795 1127 887 little
1149 795 1248 887 lieo
1274 795 1404 886 Boot
1428 793 1479 884 ot
1508 791 1696 884 ritutoi
1920 845 1927 862 .
1964 800 2033 890 169

528 1022 567 1081 et
628 1009 773 1080 bnans
829 1010 987 1080 eiusdem
1041 1007 1169 1091 Cestri,
1227 1008 1505 1097 quibuscumque
1560 1006 1711 1076 escaetis
1767 1013 1940 1072 terrerum
1997 1011 2035 1074 ct

528 1155 809 1216 tenementorum
840 1145 968 1214 firturie
1003 1145 1221 1234 temporibus
1256 1143 1510 1225 evenientibus,
1554 1141 1790 1211 advocacione
1837 1159 1880 1208 ec
1915 1149 2034 1227 petro·

528 1295 616 1354 natu
654 1282 813 1352 Abbatie
856 1281 982 1352 Sancti
1018 1281 1225 1370 Augustini,
1254 1281 1447 1362 Bristoliie,
1483 1287 1524 1348 ut
1559 1279 1756 1366 predictum
1792 1289 1858 1358 est,
1888 1276 2033 1344 omnino

527 1420 697 1508 exceptis„
749 1421 798 1488 Et
841 1421 934 1508 quod
977 1419 1085 1487 iidem
1125 1419 1243 1488 Maior
1280 1427 1318 1488 et
1357 1415 1602 1488 communitos
1637 1425 1674 1484 et
1710 1431 1930 1482 successores
1965 1411 2032 1496 sui,

528 1557 677 1622 durante
704 1553 780 1622 vito
807 1564 940 1638 nostre,
974 1555 1132 1623 babeant
1166 1553 1363 1641 predictam
1398 1553 1522 1620 viltam
1550 1551 1708 1620 Bristoii
1737 1571 1819 1620 cum
1855 1549 2034 1620 suburbiis

525 1691 694 1774 eiusdem,
734 1711 872 1761 necnon
910 1691 1080 1772 menerm
1119 1689 1291 1772 dominia,
1329 1689 1434 1758 feoda
1475 1699 1513 1757 et
1556 1689 1636 1756 loca
1678 1707 1898 1776 quecumque
1940 1685 2033 1754 inire

524 1827 744 1914 procinctum
770 1829 856 1898 ville
884 1829 1042 1916 predicte
1069 1827 1252 1896 Bristossie
1280 1847 1361 1896 cum
1397 1827 1635 1917 pertinenciis,
1664 1834 1706 1894 ut
1733 1825 1929 1912 predictum
1965 1833 2031 1906 eet,

524 1985 593 2053 que
635 1967 751 2036 eidem
794 1965 1086 2036 menendissimo
1128 1965 1273 2036 domino
1324 1985 1404 2033 meo
1447 1963 1545 2052 Regi
1588 1961 1764 2050 pertinere
1815 1961 2031 2042 debuissent,

524 2103 556 2171 si
584 2103 623 2172 in
650 2124 760 2173 manu
787 2123 854 2173 ene
881 2103 1026 2192 proprie
1053 2103 1266 2187 retinuuset,
1295 2111 1333 2172 et
1361 2122 1404 2172 ea
1433 2102 1538 2170 nobis
1572 2121 1645 2170 non
1680 2099 1924 2168 concessisset.
1983 2097 2032 2169 Et

525 2239 620 2327 quod
648 2239 756 2308 iidem
785 2239 903 2308 Maior
929 2249 967 2307 et
995 2237 1241 2307 Communitns
1268 2249 1305 2306 et
1340 2257 1561 2307 successores
1596 2237 1652 2306 eui
1684 2237 1852 2318 habeant,
1880 2236 2032 2305 durante

523 2377 598 2444 vite
626 2385 759 2458 nostra,
785 2375 983 2464 privilegia,
1019 2375 1201 2444 libertates
1232 2385 1270 2446 et
1304 2377 1544 2444 emolumenta
1579 2393 1643 2443 seu
1678 2371 1845 2462 pmicua,
1882 2373 1960 2442 iura
1994 2381 2032 2442 et

523 2511 791 2580 commoditates
827 2509 920 2579 inire
969 2511 1188 2598 procinctum
1237 2511 1396 2599 predicte
1445 2511 1531 2579 ville
1580 2510 1772 2592 Bristoliie,
1823 2519 1861 2576 et
1911 2511 2032 2578 omnia

522 2665 740 2733 quecumque
767 2647 992 2736 emergencia
1019 2667 1083 2716 seu
1118 2647 1172 2717 eis
1206 2647 1427 2734 pertinencia
1462 2649 1508 2716 de
1543 2648 1709 2715 omnibus
1742 2645 1958 2726 hominibus,
1995 2653 2033 2714 et

522 2779 758 2851 mndeonbus
797 2791 835 2849 et
866 2801 939 2850 non
975 2782 1222 2863 residentibus,
1251 2782 1402 2872 integris
1429 2784 1634 2853 tenentibus
1664 2784 1739 2852 sive
1767 2802 1840 2850 non
1869 2781 2031 2872 integris,

523 2933 594 3002 que
622 2914 716 2984 idem
744 2917 1054 2990 metuendiesimus
1078 2917 1242 2987 dominus
1271 2937 1372 2988 meus
1398 2919 1482 2988 Rex
1517 2940 1583 3008 per
1617 2938 1857 3008 quacumque
1895 2918 2032 2988 linere

523 3069 607 3118 suas
630 3061 794 3137 patentoe
819 3051 923 3120 nobie
951 3053 1164 3123 concesserit
1188 3056 1278 3122 edeo
1303 3057 1408 3141 piene
1436 3066 1473 3124 et
1502 3055 1640 3144 integre
1668 3057 1760 3124 sicut
1787 3076 1833 3124 ee
1862 3055 1900 3123 in
1924 3073 2032 3123 manu

523 3209 589 3256 sue
615 3191 761 3277 pmpria
788 3190 1002 3272 retinuisset,
1030 3193 1088 3260 vei
1117 3191 1232 3260 eciam
1261 3211 1306 3260 ee
1334 3211 1400 3261 nos
1421 3193 1632 3262 haberemus
1654 3193 1686 3260 si
1707 3193 1746 3259 in
1768 3212 1877 3260 manu
1898 3201 2031 3273 nostre,

494 3326 651 3394 ”virtute
693 3327 961 3398 concessionum
1004 3329 1242 3416 predictarum
1285 3329 1436 3418 predicti
1472 3329 1752 3398 metuendissimi
1788 3327 1924 3396 domini
1961 3327 2033 3398 mei

523 3461 639 3551 Regis
667 3463 936 3534 retinuissemus
965 3483 1045 3533 cum
1074 3466 1239 3534 omnibus
1267 3464 1433 3552 proficuis
1462 3475 1499 3535 et
1527 3466 1663 3536 iuribus
1690 3465 1744 3532 eis
1772 3465 2032 3552 pertinentibus

522 3601 598 3667 sive
641 3600 885 3687 spectantibus
924 3621 1066 3688 quoquo
1106 3601 1213 3670 modo
1253 3621 1334 3676 cum
1375 3601 1616 3689 pertinenciis,
1645 3600 1773 3671 Castro
1811 3610 1849 3668 et
1887 3599 2032 3668 fossatis

521 3736 680 3804 eiusdem
709 3734 836 3818 Cestri,
864 3737 1144 3826 quibuscumque
1177 3736 1329 3804 esceetis
1349 3745 1521 3804 terrarum
1544 3744 1582 3803 et
1603 3743 1883 3804 tenementorum
1904 3733 2031 3804 futuns

521 3872 740 3958 temporibus
768 3872 1016 3940 evenientibus
1043 3893 1086 3940 ec
1113 3872 1352 3942 edvocecione
1380 3892 1444 3940 seu
1479 3882 1670 3959 patronatu
1709 3872 1865 3939 Abbatie
1905 3869 2030 3940 Sancti

521 4007 728 4096 Augustini,
741 4006 933 4090 Bristoliie,
949 4009 1094 4077 omnino
1108 4007 1277 4096 exceptis
1324 4007 1504 4076 Habenda
1517 4017 1554 4074 et
1567 4007 1723 4074 tenende
1736 4005 1857 4074 omnia
1871 4007 2032 4093 predicta

520 4145 645 4212 viliam
672 4143 843 4228 antou,
872 4155 996 4228 terras,
1025 4155 1230 4214 tenemento
1257 4154 1295 4214 et
1322 4146 1377 4214 les
1401 4143 1670 4214 ffieeshemelles
1709 4144 1747 4212 in
1780 4145 1906 4212 eedem
1943 4143 2030 4212 uilia

521 4299 602 4350 cum
643 4280 819 4364 domibus,
860 4281 992 4369 ebopis.
1036 4281 1199 4369 cotngiis,
1237 4281 1359 4364 oeldis,
1403 4281 1576 4371 pardinis,
1617 4281 1839 4364 molendinis,
1877 4280 2029 4368 runnu,

520 4427 608 4506 tyna
668 4417 796 4500 Cestri,
848 4417 1045 4487 redditibus
1098 4418 1303 4507 iangabiiis,
1357 4417 1500 4506 placitis
1544 4417 1659 4500 Curie,
1703 4417 1810 4500 feriis,
1852 4419 2028 4504 mercatis,

519 4553 777 4624 reversionibus
805 4555 850 4622 de
877 4555 1043 4624 omnibus
1071 4556 1274 4624 tenentibus
1302 4555 1350 4622 ed
1378 4554 1569 4624 terminum
1597 4555 1671 4622 vite
1693 4554 1752 4622 vei
1777 4575 1962 4636 ennomnr,
1990 4564 2029 4624 et

519 4690 685 4760 omnibus
733 4689 816 4758 aliis
861 4691 1177 4775 iurisdiccionibus,
1228 4691 1542 4762 consuetudinibus
1590 4705 1627 4760 et
1669 4692 1899 4780 pertinenciis
1942 4694 2028 4762 viiie

520 4827 677 4914 predicte
708 4839 753 4896 et
791 4829 1037 4898 suburbiorum
1074 4828 1233 4898 eiusdem
1268 4847 1349 4898 curn
1385 4829 1614 4916 pertinenciis
1649 4829 1795 4917 prefatis
1828 4828 1961 4940 ⁸Maiori
1989 4840 2027 4899 et

520 4964 775 5035 communitati
808 4965 893 5033 ville
923 4965 1105 5036 Bristoliie
1132 4976 1171 5034 et
1197 4966 1460 5036 sucoewribue
1485 4965 1570 5050 suis,
1601 4986 1645 5035 ec
1672 4967 1795 5036 omnia
1818 4977 1856 5036 et
1884 4965 2031 5054 singidu-

519 5101 703 5178 libertates
729 5112 767 5170 et
794 5101 983 5190 privilegia
1009 5113 1047 5172 et
1073 5101 1292 5173 francboeins
1320 5105 1525 5190 supradicte
1553 5103 1646 5173 inira
1672 5105 1795 5174 villam
1831 5103 2026 5192 predictam
