5224 6596
824 824 921 918 obe
943 824 1204 916 lttttcttco
1233 822 1437 916 ttooiot
1467 822 1652 915 bristou
1920 831 1987 902 ιω

485 1039 762 1127 redempciooes,
812 1039 931 1108 exitus
972 1037 1182 1122 forisfactos,
1226 1037 1509 1118 amerciamenta,
1553 1034 1794 1104 fonnucnnas
1845 1044 1883 1102 et
1918 1035 1994 1102 alia

485 1175 643 1264 proficus
677 1176 838 1264 predicta
872 1177 918 1246 de
953 1175 1125 1263 illisqui
1160 1195 1232 1244 oon
1267 1175 1397 1244 brerlnt
1432 1175 1477 1241 de
1509 1170 1614 1241 etin
1644 1172 1780 1253 caenis,
1811 1170 1993 1251 dominiis,

485 1313 663 1394 maneriis,
693 1311 798 1394 viliis,
827 1312 942 1394 terris,
971 1311 1194 1394 tenementis,
1222 1312 1312 1380 locis
1339 1319 1377 1379 et
1403 1309 1517 1378 feodis
1543 1308 1711 1396 predictis
1738 1309 1933 1376 babeamus
1954 1317 1995 1375 et

485 1449 722 1535 pecipianus
754 1449 800 1516 sd
833 1448 1049 1517 scaccarium
1085 1446 1172 1516 dicti
1207 1445 1488 1516 metuendissimi
1523 1445 1659 1516 domini
1694 1445 1766 1514 mci
1801 1443 1918 1532 Regis
1953 1453 1995 1510 et

484 1585 653 1653 heredum
681 1605 824 1654 suomm
851 1604 916 1671 per
950 1604 1078 1652 manuus
1112 1583 1358 1652 vicecomitum
1394 1593 1431 1652 et
1465 1581 1677 1652 ballivorum
1712 1581 1916 1650 libertatum
1952 1579 1993 1648 in

485 1743 634 1809 quorum
662 1721 806 1792 ballivis
832 1719 963 1788 fureriot
991 1718 1083 1788 sicut
1111 1719 1292 1806 predictus
1323 1719 1487 1786 dominus
1514 1736 1615 1786 metus
1639 1716 1736 1786 Rex
1770 1727 1807 1784 et
1841 1717 1994 1786 heredes

485 1859 541 1926 sui
563 1879 608 1925 ea
632 1859 863 1944 perciperent,
886 1856 919 1924 si
941 1857 988 1922 ed
1014 1855 1131 1943 ipsum
1155 1855 1484 1924 metuendissimum
1505 1853 1687 1922 dominum
1708 1872 1827 1921 meum
1849 1853 1990 1942 Regem

484 1995 542 2062 vel
570 1995 718 2064 heredes
746 2013 830 2062 snos
861 1993 1088 2080 pertinerent,
1124 1991 1204 2061 sine
1237 1991 1424 2060 occasione
1457 1991 1516 2060 vel
1551 1989 1804 2078 impedimento
1837 1991 1991 2078 predicti

484 2129 764 2198 metuendisslml
792 2129 928 2196 domini
956 2127 1027 2196 mei
1056 2127 1174 2217 Regis
1205 2129 1264 2196 vel
1296 2127 1467 2196 heredum
1503 2145 1647 2196 suorum
1682 2126 1740 2193 vel
1775 2125 1989 2194 ballivorum

483 2283 548 2334 seu
569 2266 809 2334 ministrorum
832 2283 976 2334 suorum
1000 2282 1310 2352 quorumcumque.
1368 2261 1418 2330 Et
1446 2262 1561 2332 eclam
1583 2261 1679 2350 quod
1704 2281 1772 2330 nos
1794 2263 1990 2332 habeamus

482 2412 520 2470 et
555 2411 739 2470 teneamus
773 2410 901 2483 castra,
937 2401 1106 2484 dominia,
1142 2400 1311 2482 maneria,
1342 2399 1459 2482 vlllas,
1494 2409 1618 2481 turus,
1655 2407 1872 2483 tenemento,-
1897 2399 1988 2484 loca,

482 2547 520 2606 et
551 2537 655 2606 feoda
689 2537 849 2625 predicta
886 2557 967 2606 cum
1002 2535 1115 2606 bodie
1150 2537 1314 2617 militium,
1349 2535 1645 2605 advocacionibus
1679 2536 1907 2604 ecclesiarum
1946 2555 1990 2606 ac

482 2673 691 2744 bancbesils
741 2683 779 2742 et
829 2673 1053 2743 libertatibus
1104 2673 1238 2740 eisdem
1281 2671 1582 2759 qualitercumque
1624 2671 1867 2758 spectantibus
1910 2672 1987 2742 slve

483 2809 742 2896 pertinentibus
769 2830 921 2878 marum
951 2809 1093 2893 finibus,
1129 2810 1447 2897 redempcionibus,
1482 2810 1649 2894 exitibus,
1693 2813 1986 2897 amerciamentis,

484 2947 624 3014 catallis
651 2947 904 3034 utlagatorum,
934 2945 1094 3028 escaetis,
1127 2945 1368 3028 forisfacturis,
1403 2945 1601 3014 deodandis
1634 2955 1672 3014 et
1706 2947 1872 3016 omnibus
1908 2949 1991 3016 aliis

485 3081 650 3170 proficuis
676 3093 714 3150 et
741 3082 989 3152 emolumentis
1024 3081 1069 3152 de
1104 3083 1269 3151 omnibus
1312 3083 1526 3163 tenentibus,
1565 3081 1802 3152 residentibus
1840 3092 1878 3152 et
1915 3103 1988 3152 non

484 3218 729 3300 residentibus,
758 3227 795 3286 et
823 3226 898 3284 tam
926 3217 972 3286 de
1000 3235 1073 3284 non
1101 3216 1251 3306 integris
1278 3217 1482 3286 tenentibus
1510 3236 1618 3304 quam
1650 3217 1809 3306 integris,
1842 3225 1880 3286 et
1908 3219 1990 3286 eliis

482 3357 645 3442 personis
686 3355 964 3442 quibuscumque
1007 3373 1050 3422 ac
1092 3353 1139 3421 de
1180 3354 1345 3422 omnibus
1388 3352 1470 3422 allis
1511 3355 1618 3422 rebus
1659 3362 1735 3422 tam
1776 3351 1908 3422 finibus
1950 3365 1990 3422 et

483 3491 766 3560 amerciamentis
807 3491 853 3558 de
894 3489 1001 3556 viridi
1042 3499 1080 3556 et
1122 3489 1314 3558 senecione
1357 3487 1450 3558 inira
1491 3489 1659 3558 iorestm
1701 3501 1739 3558 et
1789 3501 1891 3558 extra
1941 3510 1990 3558 ex

482 3645 703 3712 quacumque
724 3643 832 3692 causa
850 3643 969 3692 coram
991 3625 1270 3711 quibuscumque
1290 3623 1502 3708 Jueticiariis
1525 3625 1600 3694 suis
1624 3645 1689 3694 seu
1711 3625 1882 3694 ministris
1902 3630 1986 3710 suis,

480 3761 755 3844 vicecomitibus,
785 3761 1001 3842 senescallis,
1037 3759 1180 3828 ballivis
1215 3771 1278 3828 aut
1310 3762 1392 3830 aliis
1426 3762 1598 3830 ministris
1633 3763 1912 3856 quibuscumque
1948 3767 1988 3833 in

481 3899 555 3966 suis
583 3898 803 3968 cessionibus
831 3899 1042 3986 adjudicatis
1078 3921 1143 3969 seu
1177 3901 1441 3990 adjudicandis;
1486 3903 1642 3972 aoeciam
1677 3905 1798 3974 omnia
1829 3905 1989 3994 profictu

480 4045 518 4102 et
544 4034 784 4102 emolumenta
810 4036 857 4104 de
884 4035 1019 4104 eisdem
1047 4037 1251 4106 tenentibus
1277 4046 1316 4105 et
1343 4038 1580 4107 residentibus
1607 4049 1682 4108 tam
1715 4042 1761 4109 de
1796 4042 1987 4128 punicione

479 4171 525 4238 de
552 4170 644 4238 falso
672 4169 802 4238 iudicio
826 4171 865 4238 in
890 4189 1111 4259 quacumque
1134 4171 1232 4240 curia
1254 4172 1403 4255 reddito,
1433 4193 1542 4261 quam
1570 4174 1608 4241 in
1636 4194 1858 4263 quocumque
1887 4178 1986 4246 curia

478 4307 663 4376 adnullato
685 4326 749 4374 seu
770 4307 997 4389 adnullaodo,
1020 4327 1159 4376 necnon
1181 4310 1302 4377 omnia
1325 4311 1398 4378 alia
1420 4309 1587 4400 proficua,
1610 4311 1796 4382 thesauros
1820 4313 1984 4384 inventos

477 4452 515 4510 et
537 4429 778 4512 emolumenta
800 4461 1022 4532 quocumque
1042 4445 1148 4512 modo
1169 4445 1347 4528 eveniunt,
1368 4457 1443 4514 tarn
1465 4448 1510 4515 de
1529 4445 1681 4530 forestis,
1703 4449 1832 4536 parcis,
1854 4451 1985 4533 boscis,

478 4581 629 4662 chaonis,
665 4581 853 4664 munis,
891 4583 1041 4670 stagnis,
1079 4583 1234 4666 vivariis,
1274 4585 1452 4667 marescis,
1487 4587 1606 4668 moris,
1648 4587 1805 4673 mineris,
1845 4589 1985 4660 wrecko

438 4779 447 4798 ,
478 4718 598 4800 maris,
634 4719 800 4788 videlicet
837 4722 975 4790 wreclro
1009 4722 1135 4809 reguli,
1171 4731 1208 4790 et
1243 4723 1288 4790 de
1323 4743 1543 4811 quocumque
1579 4724 1652 4792 alia
1686 4745 1726 4792 re
1761 4745 1983 4815 quocumque

479 4861 584 4928 modo
619 4858 725 4928 luerit
765 4881 874 4950 quam
909 4862 1121 4951 quibusdam
1158 4863 1239 4930 aliis
1273 4866 1380 4933 rebus
1414 4885 1484 4954 que
1519 4865 1613 4934 infra
1647 4877 1774 4950 castra,
1811 4867 1979 4948 dominia,

477 4997 646 5080 maneria,
668 4999 784 5080 villas,
799 5009 922 5082 terras,
944 5011 1158 5082 tenemente,
1180 5001 1260 5069 loca
1280 5011 1317 5069 et
1336 5001 1441 5070 feoda
1461 5003 1620 5090 predicta
1641 5003 1800 5072 accidere
1816 5013 1983 5092 potenrnt

477 5133 718 5222 quovismodo,
756 5136 846 5206 adeo
888 5136 1025 5226 integre
1071 5138 1163 5206 sicut
1209 5139 1248 5206 io
1294 5139 1460 5208 manibus
1504 5139 1656 5228 predicti
1701 5141 1983 5208 metuendissimi

1863 5267 1896 5320 ir
