5294 6592
873 819 969 910 ube
993 819 1131 910 little
1156 820 1253 910 Reb
1279 819 1407 910 Book
1433 819 1483 910 of
1507 820 1694 911 firtetol.
1984 848 2030 921 55

531 1033 759 1099 marchauntz
782 1031 900 1117 privez
923 1042 961 1099 et
984 1040 1204 1119 estraunges.
1248 1032 1297 1098 Et
1318 1033 1380 1098 nul
1401 1033 1485 1097 hom
1506 1052 1573 1117 par
1593 1033 1714 1098 colour
1735 1033 1779 1098 de
1793 1041 1913 1100 nostre
1933 1031 2034 1100 office

433 1137 435 1144 Ι
530 1169 732 1257 delayerom
757 1188 833 1236 mes
858 1178 1017 1256 qauntqa
1045 1179 1164 1236 nostre
1193 1168 1293 1236 office
1313 1178 1446 1255 appent
1467 1169 1661 1256 loyalment
1691 1169 1836 1238 ferroms
1858 1189 1901 1255 sy
1928 1170 2036 1237 <lieux

531 1326 621 1374 nous
634 1307 736 1394 eyde,
751 1315 817 1373 etc„

705 1554 1157 1632 SACRAMENTUM
1198 1553 1600 1632 PORTATORUM
1651 1554 1868 1632 WAYDE.

555 1791 557 1796 ,
659 1721 715 1811 Qe
727 1743 818 1791 nous
831 1742 983 1790 serroms
997 1721 1119 1806 foyalx
1129 1730 1165 1788 et
1179 1721 1311 1808 loy-alx,
1326 1731 1393 1787 etc.
1437 1719 1486 1786 Et
1496 1732 1612 1806 prestz
1627 1741 1779 1790 serroms
1792 1724 1837 1788 de
1851 1735 1970 1807 portet
1980 1725 2033 1790 les

528 1859 671 1946 waydes
691 1869 804 1946 qaunt
825 1879 915 1926 nous
930 1878 1081 1925 semms
1095 1857 1217 1944 garniz
1232 1878 1297 1942 par
1313 1858 1366 1925 les
1379 1860 1547 1925 brooours
1561 1868 1597 1924 et
1611 1859 1805 1944 loyalment
1818 1859 1965 1928 ferroms
1979 1861 2031 1928 les

528 2005 624 2082 treys
648 2006 772 2063 tourns
794 2015 873 2062 com
893 2005 1025 2080 appent
1050 2004 1086 2061 et
1109 1995 1183 2060 cele
1207 2014 1251 2060 en
1274 2014 1403 2080 gernot
1424 2003 1616 2060 mettroms.
1682 1993 1730 2061 Et
1754 1995 1948 2080 loyalment
1970 2015 2033 2062 ceo

528 2151 732 2198 mesuroms.
788 2131 836 2198 Et
865 2133 927 2198 nul
952 2133 1035 2198 hom
1061 2132 1290 2216 delayeroms,
1312 2150 1387 2197 mes
1409 2150 1574 2217 qaunqen
1594 2150 1684 2197 nous
1698 2141 1754 2196 est
1767 2133 2030 2218 espleyteroms.

527 2267 575 2333 Et
599 2277 692 2334 totes
715 2270 823 2334 altres
848 2270 973 2334 choses
998 2288 1045 2354 qa
1069 2276 1188 2333 nostre
1210 2267 1310 2333 office
1334 2275 1467 2352 appent
1489 2269 1684 2354 loyalment
1706 2267 1852 2335 ferroms
1867 2289 1910 2356 sy
1923 2269 2032 2335 dieux

526 2425 617 2472 nous
630 2406 730 2492 0de
752 2416 819 2473 eta

687 2651 1138 2729 SACRAMENTUM
1187 2650 1588 2728 THEOLONARII
1629 2651 1862 2730 PORTUS.

653 2819 726 2887 Ceo
746 2829 848 2906 oyetz
867 2839 965 2898 vous,
986 2827 1053 2884 etc.
1097 2818 1146 2884 Et
1170 2818 1365 2904 loyalment
1388 2811 1544 2904 servirhy
1567 2819 1603 2883 al
1628 2819 1748 2899 maire,
1774 2819 1906 2886 baillifs
1931 2830 1967 2887 et
1990 2821 2028 2888 la

522 2958 791 3022 communaltee.
836 2955 885 3021 Et
905 2955 958 3020 les
980 2954 1167 3040 enseignes
1185 2975 1302 3040 queux
1317 2955 1372 3019 ieo
1386 2973 1571 3041 receverey
1585 2975 1663 3021 com
1678 2956 1734 3020 ieo
1749 2975 1868 3042 serrey
1883 2958 2029 3043 enjoynt

522 3113 584 3160 sus
606 3094 756 3180 rendrey
776 3101 813 3158 et
827 3101 922 3158 toutz
938 3093 989 3158 les
1009 3111 1122 3178 gages
1139 3111 1205 3176 pat
1226 3111 1309 3177 moy
1327 3092 1441 3176 prises
1463 3094 1498 3157 al
1512 3091 1574 3178 syn
1588 3093 1633 3158 de
1648 3093 1820 3160 chescune
1842 3095 2027 3180 symaigne

522 3249 582 3296 sus
611 3229 770 3315 rendrey.
829 3228 877 3293 Et
902 3229 977 3295 nuil
1003 3248 1048 3293 ne
1072 3227 1219 3314 soeffrey
1242 3240 1359 3294 entrer
1384 3248 1429 3293 ne
1451 3229 1543 3315 issyr
1560 3249 1626 3296 oue
1650 3231 1901 3296 marehaundie
1916 3251 2024 3298 saunz

521 3384 701 3450 enseygne
714 3384 761 3431 ou
775 3384 870 3451 gage
884 3375 1020 3431 mettre„
1065 3365 1120 3432 Ne
1136 3366 1210 3432 nuil
1225 3367 1487 3434 nounduement
1501 3378 1665 3455 turgerey
1679 3390 1754 3435 mes
1769 3379 1863 3436 toutz
1880 3391 1902 3436 a
1915 3391 2023 3438 moun

520 3521 632 3587 poayr
649 3505 840 3569 bonement
859 3504 1081 3588 espleyterey
1102 3523 1210 3568 saunz
1232 3503 1308 3568 rien
1328 3504 1373 3568 de
1395 3523 1463 3569 eux
1484 3507 1634 3589 prendre
1651 3485 1718 3590 past
1736 3526 1842 3574 cause
1856 3510 1901 3576 de
1915 3529 2023 3576 moun

519 3637 628 3705 office.
672 3639 728 3706 Ne
749 3640 824 3704 nuil
839 3640 884 3705 de
897 3638 1011 3724 pulsre
1025 3659 1071 3705 ou
1086 3639 1199 3706 daltre
1214 3640 1423 3725 suspeeioun
1438 3640 1587 3727 soestrey
1600 3652 1717 3708 entrer
1727 3664 1773 3710 ne
1784 3645 1865 3710 issir
1879 3614 2023 3712 a'moun

516 3779 627 3862 poair.
671 3778 720 3845 Et
733 3787 826 3844 totes
840 3779 948 3844 altres
963 3779 1087 3844 choses
1101 3797 1149 3865 qa
1164 3798 1270 3845 moun
1285 3777 1385 3844 office
1405 3789 1514 3862 apent
1535 3778 1730 3872 loyalment
1749 3779 1828 3866 fray
1849 3801 1892 3866 sy
1914 3781 2022 3848 dieux

518 3916 653 4001 meyde,
669 3924 735 3981 etc.

757 4161 1207 4240 SACRAMENTUM
1255 4162 1288 4237 C
1291 4161 1527 4238 USTODIS
1579 4160 1781 4238 GAOLE.

648 4327 720 4395 Ceo
742 4339 844 4416 oyetz
865 4349 963 4408 vous,
986 4338 1052 4395 etc.
1096 4327 1146 4393 Et
1169 4329 1363 4414 loyalment
1387 4329 1560 4414 garderey
1583 4329 1619 4394 la
1643 4328 1756 4412 gaola,
1777 4328 1830 4394 les
1854 4329 2017 4413 pdsouns

515 4466 662 4552 illeoqes
683 4475 864 4532 esteauntz
886 4477 922 4532 et
944 4486 1033 4532 ceux
1047 4487 1116 4552 qen
1131 4486 1237 4531 moun
1253 4475 1368 4550 temps
1391 4466 1595 4531 avendront.
1641 4465 1709 4530 Les
1725 4485 1820 4550 μοι,
1836 4466 2017 4532 maniches

514 4613 550 4669 et
572 4613 664 4670 totes
686 4603 794 4670 altres
813 4603 1017 4670 ferrementz
1039 4624 1062 4670 a
1082 4624 1166 4690 moy
1185 4605 1321 4689 lyverez
1336 4611 1372 4668 et
1387 4603 1439 4666 les
1453 4602 1543 4667 distz
1558 4601 1722 4685 prisouns
1737 4604 1888 4676 chescun
1903 4605 2015 4670 solom

512 4755 554 4801 sa
567 4735 774 4802 condicione
787 4737 977 4802 bonoment
992 4746 1145 4822 treteray
1159 4744 1195 4800 et
1209 4736 1420 4821 demeneray
1435 4757 1480 4800 ne
1495 4737 1569 4800 nuil
1584 4755 1650 4820 par
1663 4736 1787 4821 priere,
1802 4738 1945 4820 haunge
1967 4756 2013 4802 ne

510 4871 635 4937 malice
650 4873 912 4938 nounduement
922 4892 987 4956 par
1002 4891 1084 4957 moy
1099 4891 1144 4937 ne
1159 4891 1224 4956 par
1238 4874 1326 4937 altre
1341 4893 1521 4959 greveray‚
1539 4885 1573 4938 et
1588 4874 1622 4938 le
1637 4873 1804 4958 counseyl
1819 4874 1914 4938 dela
1927 4873 2012 4938 ville

507 5009 591 5074 bien
619 5021 656 5074 et
684 5011 878 5095 loyalment
906 5010 1051 5095 eelerey.
1112 5009 1158 5074 Et
1187 5024 1298 5096 qaunt
1326 5031 1373 5096 qa
1409 5031 1515 5076 moun
1552 5010 1653 5076 office
1690 5021 1822 5096 appent
1859 5010 1941 5075 bien
1977 5019 2014 5076 et

507 5119 702 5229 loyalment
714 5145 802 5231 fray,
819 5165 861 5232 sy
875 5145 981 5210 dieux
995 5154 1061 5212 etc.
