5224 6596
590 865 659 956 184
923 861 1021 956 ebe
1043 857 1182 956 little
1207 863 1753 960 neouoonoteretot

585 1069 733 1142 Henrici
770 1073 879 1144 Frere
915 1087 1106 1166 antequem
1146 1081 1193 1148 ed
1231 1081 1375 1168 plenum
1413 1091 1547 1150 eteten
1584 1101 1685 1151 tunm
1722 1083 1923 1170 peruenerit
1959 1086 2089 1158 obiere

583 1219 669 1280 tunc
705 1231 791 1300 pere
829 1213 926 1284 illiue
962 1213 1119 1286 destructi
1154 1219 1386 1290 dieo-leuatur
1422 1220 1517 1288 inter
1552 1239 1677 1288 ornnes
1715 1219 1809 1290 fiiioe
1838 1231 1876 1289 et
1902 1219 2015 1292 filium
2044 1225 2093 1294 de

583 1367 730 1438 corpore
749 1351 877 1440 prefati
897 1351 1072 1438 Johunnie
1093 1355 1242 1424 senioris
1262 1355 1376 1445 petrin
1400 1373 1522 1424 eorum
1543 1365 1581 1424 et
1601 1371 1747 1445 corpore
1768 1355 1907 1444 profete
1926 1356 2091 1443 Jobenne

581 1488 705 1562 vxcrie
732 1507 795 1558 tue
824 1491 948 1560 matris
975 1511 1097 1561 eorum
1125 1493 1286 1582 legitime
1321 1504 1530 1582 procreatos
1562 1503 1649 1564 tunc
1683 1493 1859 1578 uiuentes,
1891 1496 2009 1564 etsie
2046 1497 2097 1567 de

583 1625 699 1714 modu
726 1627 765 1694 in
793 1627 944 1716 gradum
972 1649 1084 1720 unque
1108 1626 1156 1700 ed
1190 1631 1355 1700 vltimum
1390 1651 1513 1700 eorum
1552 1633 1749 1701 deoeeeum
1804 1633 1854 1700 Et
1893 1633 1925 1700 ei
1963 1632 2092 1722 prefati

584 1759 768 1834 Robertus
795 1767 902 1862 Frene
930 1779 967 1836 et
996 1769 1174 1840 Henrioue
1202 1769 1310 1838 Frere
1337 1779 1532 1858 antequem
1561 1771 1792 1858 adplenum
1828 1779 1960 1838 etatem
1989 1789 2091 1841 suem

582 1905 807 1988 peruenerint
832 1903 985 1972 obierint
1024 1905 1120 1994 quod
1158 1915 1244 1974 tuno
1283 1905 1441 1994 predicte
1478 1904 1719 1995 quodraginta
1756 1905 1848 1973 libre
1884 1921 2091 1976 remoneent

581 2038 828 2107 executoribus
861 2040 948 2109 dieti
983 2039 1158 2126 Iohannis
1195 2040 1301 2111 Frere
1340 2039 1502 2122 senioris,
1541 2039 1655 2126 petrin
1692 2059 1825 2110 eorum.
1866 2013 1927 2111 vlit
1961 2043 2089 2132 promti

582 2173 763 2246 Robertue
806 2175 943 2247 Colvile
984 2187 1022 2245 et
1071 2177 1227 2246 nomae
1273 2175 1408 2266 Coiyne
1457 2176 1603 2244 eosdem
1652 2175 1851 2245 Robertum
1895 2177 2003 2248 Fuere
2052 2189 2090 2250 et

581 2311 775 2381 Henrioum
800 2313 908 2381 Frere
936 2313 974 2380 in
1003 2312 1168 2380 omnibus
1195 2312 1271 2382 euin
1298 2309 1508 2382 neceeeoriie
1534 2309 1628 2380 bene
1653 2318 1692 2380 et
1721 2311 1888 2380 decenter
1910 2323 2088 2384 euntente·

580 2453 670 2520 bunt
698 2471 761 2520 eeu
790 2449 981 2518 anteneri
1015 2446 1147 2517 fociant
1183 2458 1220 2516 et
1255 2455 1498 2536 competenter
1533 2445 1715 2516 intermori
1750 2447 1902 2518 durante
1937 2451 2088 2520 temno

579 2587 749 2675 predicto.
803 2585 865 2654 Au
899 2603 970 2672 que
997 2585 1118 2653 omniu
1144 2583 1297 2654 fideliter
1323 2583 1487 2652 faciende
1513 2581 1643 2670 promti
1672 2581 1854 2652 Robertue
1886 2583 2022 2656 colvile
2050 2597 2088 2658 et

577 2723 734 2792 Thomas
777 2721 911 2812 Colyne
949 2723 1113 2812 obligent
1148 2739 1189 2792 ee
1226 2731 1265 2791 et
1299 2731 1487 2810 eoumque
1524 2739 1647 2788 eorum
1683 2737 1749 2810 per
1776 2741 1817 2790 ee
1844 2741 1912 2810 pro
1942 2731 2021 2792 toto
2049 2733 2087 2794 et

577 2861 741 2943 insolide,
768 2861 917 2930 heredes
944 2870 982 2928 et
1006 2869 1215 2950 executores
1242 2877 1338 2942 euos,
1366 2857 1561 2928 neomuto
1592 2859 1688 2926 bone
1718 2866 1758 2926 et
1792 2859 1935 2941 memte,
1974 2871 2087 2930 terroe

576 3009 613 3068 et
652 3008 855 3067 monento
889 3017 966 3080 eun,
1002 2998 1049 3065 ad
1085 3015 1384 3085 quorumcumque
1412 3013 1540 3063 manue
1567 2991 1785 3075 deuenerint,
1814 2993 2015 3064 cohercioni
2041 3007 2083 3064 et

575 3133 792 3202 districcioni
834 3131 986 3221 Mejcrie
1027 3131 1112 3200 ville
1154 3131 1312 3220 predicte
1355 3132 1418 3220 qui
1457 3151 1523 3220 pro
1561 3141 1721 3218 tempore
1762 3129 1879 3200 suerit.
1938 3131 1987 3200 Et
2036 3134 2084 3201 ed

576 3271 744 3358 maiorem
766 3269 924 3338 omnium
945 3267 1195 3356 premiseomn
1216 3267 1440 3336 securitatem
1462 3269 1553 3336 bene
1573 3275 1611 3334 et
1631 3263 1785 3335 fideliter
1802 3263 2085 3355 perimpieodnrn

574 3405 732 3476 Thomas
766 3405 913 3476 mosche
940 3403 1129 3494 burgensis
1165 3415 1203 3472 et
1239 3415 1414 3474 mercetur
1452 3403 1538 3472 vute
1578 3401 1761 3472 Brietollie
1797 3405 2007 3494 reoognouit
2045 3423 2086 3476 ee

574 3562 654 3612 esee
696 3554 985 3632 munucnptorem
1027 3550 1065 3610 et
1106 3541 1340 3631 principalem
1385 3543 1581 3612 debitorem
1624 3561 1690 3630 pro
1730 3541 1880 3632 pretam
1923 3543 2084 3618 Rooeoo

575 3679 711 3749 colvile
749 3687 791 3748 et
824 3679 964 3750 'lbome
999 3677 1144 3769 Colyos.
1203 3679 1262 3749 Ite
1300 3683 1398 3768 quod
1434 3679 1553 3768 Maior
1590 3679 1677 3750 ville
1714 3681 1874 3769 predicte
1914 3685 1977 3773 qui
2017 3703 2084 3774 pro

567 3827 733 3906 tempore
760 3817 866 3887 fuerit
892 3813 969 3886 fieri
997 3815 1106 3887 feeiot
1134 3817 1301 3888 denarios
1327 3814 1509 3906 preutcme
1536 3817 1582 3886 de
1610 3817 1716 3886 bouis
1743 3827 1781 3887 et
1802 3817 1953 3902 menie,
1976 3821 2082 3890 teuit

572 3963 609 4022 et
646 3953 859 4022 tenementis
898 3953 973 4021 suis
1016 3953 1063 4020 ed
1106 3971 1406 4043 quommeumque
1448 3969 1576 4021 manue
1616 3953 1824 4024 devenerint
1861 3953 1895 4024 ei
1932 3955 2083 4045 predicti

572 4087 754 4160 Robertue
779 4089 915 4161 Colviie
943 4102 980 4160 et
1003 4091 1161 4162 Thomue
1189 4089 1323 4183 Coiyne
1351 4090 1543 4162 defeomint
1570 4099 1633 4160 out
1660 4110 1784 4163 eorum
1805 4093 1896 4164 utor
1915 4093 2083 4168 desecuit

572 4227 610 4294 in
638 4225 759 4316 aliquo
791 4229 1042 4316 premissorum
1072 4230 1178 4317 Juxta
1210 4241 1369 4298 tenorem
1404 4239 1501 4298 carte
1529 4227 1666 4296 domini
1694 4227 1813 4318 Regio
1840 4229 1879 4298 in
1910 4229 2081 4300 milium

572 4375 608 4432 et
628 4363 784 4433 fauorem
805 4366 1044 4454 orphanorum
1064 4367 1151 4436 ville
1170 4367 1327 4456 predicte
1348 4365 1585 4456 burgensibus
1605 4367 1765 4455 ejusdem
1790 4365 1876 4436 ville
1899 4385 2077 4437 conoeeee.

701 4503 802 4572 Theo
837 4501 1086 4574 followother
1119 4503 1390 4594 recognizuucee
1425 4505 1476 4593 by
1510 4505 1704 4591 guardiam
1739 4503 1794 4573 ior
1829 4507 2008 4574 tbeonre
2042 4503 2084 4578 ei

573 4642 729 4726 orphano
757 4643 914 4712 couched
943 4643 981 4711 in
1009 4643 1071 4710 the
1099 4661 1199 4711 eume
1230 4641 1387 4712 formu·
2111 4683 2113 4686 ·

705 4798 734 4844 1.
777 4777 1120 4861 eriiumGrifl'etb,
1142 4777 2079 4864 merchentofBrietoionbebeifoftbecbiidren

572 4913 613 4981 of
650 4913 744 4998 Jobu
787 4913 907 5004 Norye
948 4915 1021 4984 lete
1057 4914 1184 4984 citizen
1225 4917 1295 4984 und
1330 4916 1515 4985 merchant
1543 4916 1584 4984 oi
1614 4915 1759 5000 Brietol,
1796 4917 1918 4986 wboee
1953 4917 2080 4988 widun

570 5048 737 5119 Dioniele
751 5050 883 5119 hebed
897 5050 1059 5120 merrietb
1103 5051 1222 5121 Duted
1243 5049 1472 5142 Wedneedoy
1492 5051 1582 5122 oster
1596 5053 1657 5122 the
1670 5054 1762 5124 feeet
1774 5053 1817 5124 of
1833 5053 1888 5126 St.
1903 5053 2004 5124 Gilee
2016 5055 2079 5124 tbe

571 5187 696 5256 Abbot
724 5183 759 5280 [r
793 5185 923 5281 Sept]‚
957 5193 996 5258 ιε
1026 5189 1122 5258 Hen.
1151 5187 1216 5258 v1.
1238 5186 1370 5282 [1439],
1399 5187 1520 5259 before
1547 5187 1662 5282 Hugh
1690 5192 1893 5276 Witbiford,
1922 5211 2056 5282 mayor.
