5224 6596
814 860 913 953 ube
936 860 1075 953 little
1099 858 1198 950 ileo
1222 860 1352 952 tloolr
1377 857 1427 950 ot
1457 857 1646 956 Bristol.
1914 889 1984 964 19³

476 1085 514 1144 et
554 1075 711 1160 Johanni
744 1073 950 1154 Wodeford,
986 1073 1191 1160 capellanis,
1228 1093 1294 1142 nec
1332 1091 1454 1141 eorum
1491 1075 1753 1144 successoribus
1791 1079 1987 1165 capellanis

476 1214 523 1281 ad
566 1213 681 1282 dictes
723 1213 901 1282 cantarias
952 1209 1126 1279 ordinatis
1180 1219 1216 1278 et
1268 1209 1458 1278 intindatis
1512 1230 1580 1278 nec
1631 1211 1737 1281 elicui
1793 1216 1985 1282 eorundem

476 1353 666 1419 absentare
709 1371 750 1418 se
792 1371 816 1418 a
858 1349 1054 1429 matutinis,
1097 1346 1228 1426 misus,
1271 1347 1430 1434 vesperis
1473 1356 1510 1414 et
1553 1347 1635 1416 aliis
1670 1348 1768 1416 boris
1803 1352 1986 1419 canonicis

477 1489 620 1574 quando
663 1485 817 1556 officium
860 1486 1021 1555 diuinum
1066 1503 1147 1552 curn
1191 1494 1383 1572 neupmate
1425 1485 1564 1566 dicitur,
1608 1504 1675 1553 noc
1718 1497 1822 1555 extra
1862 1489 1984 1556 villam

477 1637 684 1714 pernoctare
727 1627 861 1714 absque
903 1643 1012 1694 causa
1054 1622 1233 1710 legittima
1275 1621 1485 1691 racionabill
1528 1621 1607 1689 sine
1648 1623 1798 1692 licencia
1840 1624 1985 1711 majoris

477 1765 563 1834 ville
605 1765 786 1832 Bristollie
828 1763 861 1831 si
903 1751 1049 1849 presens
1091 1759 1206 1841 fuerit,
1249 1761 1307 1826 vel
1349 1759 1499 1828 licencia
1540 1758 1664 1827 vicarii
1698 1762 1744 1827 de
1780 1761 1985 1856 Redeclyue

478 1901 509 1970 si
539 1902 652 1987 maior
679 1901 809 1968 absens
837 1898 953 1980 fuerit,
984 1917 1052 1966 nec
1083 1897 1226 1966 diuisim
1261 1906 1317 1964 set
1352 1897 1459 1964 simul
1493 1897 1532 1965 ln
1566 1916 1639 1964 vna
1670 1898 1777 1965 domo
1811 1899 1983 1966 babitare.

477 2038 586 2106 Etsi
615 2037 802 2126 contingat
837 2037 1034 2124 predictum
1069 2036 1246 2104 redditum
1283 2055 1346 2102 seu
1381 2035 1588 2124 peticionem
1625 2035 1782 2121 quinque
1816 2036 1985 2104 librarum

478 2185 515 2242 et
542 2173 700 2262 quinque
729 2173 924 2242 solidorum
952 2174 1190 2260 predictorum
1219 2183 1336 2240 aretro
1357 2191 1437 2240 esse
1458 2190 1531 2240 non
1552 2173 1705 2239 solutum
1728 2181 1812 2258 post
1831 2172 1984 2259 aliquem

476 2310 667 2379 terminum
691 2309 901 2397 predictum,
927 2309 986 2377 vel
1007 2309 1186 2396 predictos
1207 2309 1381 2376 Thomam
1403 2316 1441 2376 et
1460 2306 1670 2391 Iohannem.
1692 2309 1907 2395 capellanos,
1928 2310 1986 2376 vel
2135 2393 2140 2404 ⁴

479 2467 698 2518 successores
727 2467 810 2515 suos
843 2445 995 2515 deficere
1030 2448 1068 2514 in
1104 2448 1226 2533 aliquo
1261 2445 1410 2513 articulo
1446 2445 1712 2513 ordinacionum
1748 2443 1984 2529 prefflctarum

478 2586 574 2673 quod
602 2595 731 2652 extunc
759 2583 909 2670 predicti
937 2582 1093 2652 lbomas
1120 2594 1157 2650 et
1185 2582 1378 2667 Johannes,
1407 2581 1593 2670 capellani,
1622 2591 1660 2648 et
1684 2599 1903 2648 successores
1927 2581 1984 2649 sui

477 2723 665 2791 teneantur
691 2740 756 2808 per
783 2729 966 2807 presentes
994 2691 1133 2788 soluere
1158 2739 1223 2806 pro
1245 2719 1405 2807 quolibet
1425 2717 1564 2786 deiectu
1586 2717 1736 2786 notabili
1756 2736 1821 2804 per
1841 2719 1984 2785 eosdem

477 2860 571 2928 facto
600 2868 724 2926 contra
750 2856 900 2925 formam
928 2857 1102 2925 dictarum
1128 2855 1395 2924 ordinacionum
1426 2853 1680 2922 Communitati
1700 2853 1785 2920 ville
1805 2852 1986 2920 Bristollie

478 2995 727 3084 qnadraginta·
753 2993 938 3070 denarios;
989 2991 1241 3061 nichilominus
1284 2992 1377 3060 bene
1419 2990 1541 3058 licebit
1582 2987 1730 3076 prefatis
1772 2988 1904 3076 Maiori
1949 2997 1988 3056 et

416 3197 418 3204 .
478 3131 763 3220 prostitutoribus
802 3143 840 3200 et
880 3129 1142 3198 successoribus
1182 3129 1257 3197 suis
1295 3129 1334 3195 in
1374 3127 1542 3196 omnibus
1578 3127 1691 3208 terris,
1727 3126 1923 3194 redditibus
1951 3135 1989 3194 et

479 3271 693 3340 tenementis
733 3268 902 3356 predictis
938 3267 1154 3354 distringere
1197 3277 1235 3334 et
1277 3265 1523 3334 districtiones
1565 3263 1604 3331 in
1647 3265 1783 3332 eisdem
1823 3265 1988 3332 inuentos

479 3424 606 3493 capere
632 3415 668 3472 et
696 3415 879 3491 asportare
908 3405 1022 3472 donec
1050 3405 1096 3470 de
1126 3403 1268 3470 redditu
1297 3403 1457 3488 predicto
1485 3419 1529 3470 ac
1559 3401 1606 3469 do
1634 3401 1824 3487 arreragiis
1856 3403 1888 3468 si
1916 3420 1986 3488 que

479 3541 609 3609 fuerint
644 3541 779 3608 eisdem
814 3539 976 3626 plenarie
1012 3537 1119 3606 luerit
1147 3535 1370 3606 satisfactum
1399 3547 1437 3605 et
1464 3537 1682 3624 persolutum
1708 3537 1813 3624 juxta
1841 3539 1985 3606 modum

478 3690 516 3748 et
558 3679 706 3748 formem
749 3677 933 3763 cujusdam
977 3677 1039 3743 alii
1082 3675 1206 3760 scripti
1248 3675 1294 3743 de
1335 3675 1476 3743 redditu
1519 3675 1678 3762 predicto
1729 3685 1814 3744 ante
1862 3678 1985 3743 datum

478 3815 699 3905 presencium
749 3813 897 3900 prefatis
939 3811 1070 3899 Maiori
1113 3819 1151 3879 et
1193 3813 1480 3899 procuratoribus
1522 3820 1560 3879 et
1601 3815 1863 3881 suecessoribus
1912 3813 1988 3881 suis

478 3954 619 4042 plenius
647 3950 818 4028 confectis
854 3959 892 4018 et
920 3951 952 4018 si
980 3958 1224 4036 pmcrrratores
1252 3949 1402 4036 predicti
1426 3949 1485 4018 vel
1513 3968 1734 4018 successores
1760 3951 1817 4016 sui
1844 3950 1987 4018 ordina-

480 4093 600 4160 ciones
627 4099 664 4158 et
692 4063 802 4156 onera
829 4087 990 4175 predicta
1019 4047 1230 4174 supportare
1258 4087 1437 4156 noluerint
1465 4085 1503 4153 in
1531 4085 1645 4154 formo
1671 4081 1833 4172 protacta
1856 4095 1988 4154 extunc

480 4227 602 4298 omnia
629 4227 763 4294 eisdem
791 4225 1076 4312 procuratoribus
1103 4225 1269 4293 ordinata
1304 4233 1341 4292 et
1377 4223 1563 4312 aurigans
1597 4224 1743 4292 omnino
1777 4243 1888 4312 penes
1923 4243 1987 4294 eos

479 4375 518 4435 et
560 4381 780 4432 successores
823 4381 907 4429 suos
943 4370 1083 4430 cessent
1121 4360 1392 4450 imperpetuum,
1428 4369 1466 4428 et
1501 4359 1596 4428 dicte
1639 4359 1884 4429 ordinaciones
1919 4379 1985 4448 pro

480 4512 583 4590 parte
617 4501 790 4569 dictorum
825 4506 1090 4584 procuratorum
1125 4494 1236 4564 fracte
1271 4495 1486 4582 impleantur
1520 4501 1558 4560 ot
1592 4501 1888 4562 manuteneantur
1922 4511 1986 4579 per

481 4639 686 4727 capellanos
713 4636 892 4724 predictos
919 4646 957 4702 et
984 4652 1107 4702 eorum
1143 4649 1362 4700 successores
1394 4631 1500 4716 juxta
1534 4627 1804 4698 discressiorm
1839 4629 1989 4715 Maioris

392 4831 400 4848 .
481 4779 565 4846 ville
599 4774 781 4846 Bristollie
820 4784 857 4842 ot
895 4789 1136 4841 successorum
1181 4787 1323 4837 suorum
1358 4776 1395 4836 et
1431 4786 1498 4835 sex
1532 4767 1682 4835 aliorum
1723 4765 1988 4834 dismessiorum

480 4915 665 4984 bominum
692 4911 788 4981 dicte
813 4911 899 4978 ville
928 4910 1018 4977 adeo
1046 4927 1158 4996 prope
1186 4916 1345 4974 tenorem
1374 4903 1641 4972 ommacionum
1662 4902 1898 4991 predictarum
1919 4921 1990 4989 quo

479 5053 628 5124 comode
654 5049 731 5118 fieri
760 5057 936 5136 potentat
979 5044 1029 5113 Et
1056 5043 1206 5133 predicti
1235 5041 1422 5110 tresdedm
1451 5041 1558 5109 solidi
1593 5051 1630 5108 et
1665 5047 1817 5128 quatuor
1852 5035 1991 5106 denarii

480 5187 655 5274 assignati
683 5183 968 5272 procuratoribus
992 5181 1087 5248 dicte
1108 5179 1257 5248 ecclesie
1277 5196 1342 5264 pro
1367 5176 1490 5243 labore
1510 5194 1643 5255 eorum,
1666 5175 1699 5240 si
1719 5193 1810 5242 onus
1830 5173 1988 5261 predicte

1873 5299 1899 5354 0
