5294 6592
865 813 961 904 ube
986 813 1124 904 little
1148 814 1245 904 ileo
1270 814 1398 905 boob
1423 812 1473 900 oi
1503 812 1689 902 cristol
1959 837 2026 910 127

827 1045 874 1093 on
914 1029 975 1095 the
1013 1025 1161 1096 Sberiffs
1196 1037 1235 1096 to
1269 1047 1330 1096 see
1364 1027 1443 1094 that
1488 1025 1553 1092 she
1595 1025 1662 1092 bes
1705 1025 1777 1092 and
1819 1024 1945 1112 enjoys
1980 1025 2030 1092 ell

828 1161 1019 1250 privileges
1056 1165 1190 1252 hereby
1224 1163 1402 1232 recorded
1461 1161 1581 1228 Dated
1617 1170 1655 1227 at
1690 1160 1949 1243 westminster,
1988 1181 2027 1228 22

828 1298 1034 1380 December,
1065 1303 1085 1366 8
1117 1300 1198 1367 Rlc.
1227 1299 1276 1367 IL
1307 1295 1447 1390 [ι,384].Ἰ

357 1557 375 1608 s,
387 1557 444 1622 5⁶1,
527 1521 785 1620 Appointmcnt
815 1525 857 1621 by
882 1523 1052 1599 Richord
1072 1524 1126 1599 II.
1156 1525 1204 1623 os
1226 1524 1508 1600 Commzssrbners
1536 1532 1577 1598 at
1607 1521 1750 1598 Brittol
1779 1531 1813 1598 to
1836 1549 1942 1619 carry
1968 1531 2030 1596 out

577 1676 721 1748 various
749 1675 903 1750 Siamus
935 1677 1013 1750 and
1042 1687 1076 1750 to
1101 1675 1265 1775 perform
1297 1675 1354 1750 the
1385 1675 1498 1749 dutus
1529 1674 1577 1773 ff
1605 1673 1757 1768 Justices
1788 1673 1835 1772 os
1865 1672 1982 1749 Peuce.

336 1873 470 1925 smmi
656 1847 845 1928 Ricardus,
888 1848 958 1916 Dei
1003 1849 1134 1938 gracia
1178 1849 1262 1916 Rex
1304 1847 1439 1937 Anglie
1482 1855 1519 1913 et
1562 1845 1722 1926 Francis,
1765 1853 1803 1912 et
1853 1843 2029 1912 Dominus

325 1948 478 2062 wffin.,
527 1981 712 2064 Hibernis,
741 1983 880 2051 dilectis
901 1995 938 2052 et
958 1984 1122 2054 fidelibus
1142 1987 1219 2054 suis
1239 1985 1400 2054 Roberto
1421 1983 1620 2068 Benllrnap,
1644 1983 1804 2052 Robertc
1826 1981 2027 2061 Charleton,

306 2067 494 2196 Nffinm
526 2117 708 2186 willelmo
751 2120 952 2208 Canynges,
986 2122 1116 2190 Maiori
1151 2123 1236 2190 ville
1276 2121 1467 2202 Bristollie,
1513 2121 1673 2189 waltero
1716 2120 1849 2205 Derby,
1893 2118 2029 2186 Thome

316 2195 489 2374 &1⁸:55⁸
526 2255 730 2344 Beeupeny,
770 2257 931 2326 Walter-o
969 2258 1117 2326 Didstill
1160 2269 1197 2326 et
1238 2257 1393 2342 Johanni
1439 2255 1626 2325 Serieeunt
1670 2256 1830 2322 salutem.
1897 2251 2029 2320 Sciatis

525 2391 619 2476 quos
662 2359 927 2479 assignavimus
965 2415 1029 2462 vos
1081 2399 1295 2485 conjunctim
1337 2407 1375 2465 st
1418 2397 1559 2465 divisim
1603 2396 1650 2462 ao
1695 2415 1819 2480 paoem
1869 2403 2028 2461 nostram

525 2547 661 2596 amnon
691 2529 738 2595 ad
767 2539 900 2598 statuta
928 2533 1023 2617 apud
1051 2534 1235 2620 Wynton,
1265 2528 1561 2625 North[empton]
1581 2540 1618 2598 et
1640 2523 2029 2618 Westm[onssterium]

524 2682 590 2747 pro
629 2666 900 2752 conservacione
936 2669 1036 2753 pacis
1073 2669 1229 2737 eiusdem
1272 2670 1369 2738 edita
1410 2667 1449 2735 in
1489 2667 1654 2734 omnibus
1694 2674 1730 2731 et
1767 2663 1918 2752 singulis
1955 2663 2029 2730 suis

525 2799 684 2868 anneus
720 2800 758 2867 in
794 2803 963 2870 omisa
991 2765 1147 2872 ernon
1178 2807 1408 2875 aaronem
1435 2816 1472 2873 st
1502 2803 1670 2872 custodis
1705 2802 1877 2884 facienda,
1914 2812 1952 2869 a
1982 2802 2029 2868 aa

528 2953 651 3004 omnes
679 2937 761 3004 illos
790 2956 879 3023 quos
915 2947 1039 3006 contre
1073 2939 1221 3008 iormam
1256 2947 1467 3008 statutorum
1504 2937 1740 3024 predictorum
1784 2937 2029 3023 delinquentes

527 3071 733 3140 inveneritis
759 3073 988 3160 castigandos
1019 3085 1055 3143 et
1083 3075 1280 3162 puniendos
1307 3085 1412 3162 prout
1433 3074 1625 3142 secundum
1647 3073 1796 3140 formam
1818 3083 2029 3141 statutorum

526 3209 717 3276 eorundem
752 3208 857 3277 fuerit
887 3210 1098 3294 faciendum,
1128 3222 1165 3280 et
1192 3213 1240 3280 ad
1268 3229 1392 3280 omnes
1420 3213 1502 3280 illos
1525 3213 1586 3298 qui
1617 3211 1794 3297 aliquibus
1822 3212 1869 3279 de
1896 3213 2029 3299 populo

527 3357 648 3414 nostro
688 3347 734 3414 de
771 3349 976 3434 corporibus
1013 3349 1088 3417 suis
1132 3350 1187 3417 vel
1226 3350 1273 3418 de
1310 3349 1473 3416 incendio
1512 3348 1696 3414 domorum
1732 3367 1874 3414 suarum
1913 3347 2028 3414 minas

529 3481 676 3549 iecerint
704 3483 751 3549 ad
780 3481 1007 3550 sufficientem
1034 3485 1256 3554 securitatem
1291 3485 1337 3552 de
1372 3503 1461 3570 pace
1497 3492 1534 3550 et
1568 3484 1665 3550 bono
1701 3493 1806 3570 gestu
1841 3503 1906 3552 suo
1941 3504 2028 3570 erga

525 3639 591 3686 nos
618 3627 655 3685 et
683 3623 852 3706 populum
882 3631 1039 3688 nostrum
1070 3621 1318 3688 inveniendam
1347 3641 1464 3688 coram
1493 3620 1595 3687 vobis
1623 3619 1766 3694 venire:
1796 3631 1833 3688 et
1855 3621 1885 3688 si
1907 3621 2028 3688 huius·

527 3755 624 3822 modi
663 3757 885 3823 securitatem
930 3757 1086 3823 invenire
1125 3756 1361 3824 recusaverint
1403 3765 1489 3822 tunc
1528 3775 1590 3822 eos
1628 3756 1666 3821 in
1704 3756 1859 3841 prisonis
1896 3757 2026 3824 nostris

528 3911 711 3978 quousque
753 3891 955 3958 huiusmodi
994 3891 1215 3959 securitatem
1251 3890 1459 3972 invenerint,
1490 3892 1589 3959 selvo
1619 3890 1787 3958 custodiri
1815 3890 2026 3982 iaciendum.
2100 3895 2105 3902 '

530 4027 805 4115 Assignavimus
833 4029 946 4096 eciem
976 4047 1042 4096 vos
1070 4047 1145 4110 sex,
1174 4027 1338 4115 quinque,
1367 4037 1528 4116 quatuor,
1557 4037 1629 4094 tres
1664 4037 1702 4094 et
1736 4030 1826 4095 duos
1860 4039 2026 4111 vestrum,

527 4183 675 4249 quorum
719 4165 873 4250 aliquem
916 4175 1072 4232 vestrum
1118 4185 1184 4232 vos
1228 4164 1356 4251 prefati
1392 4165 1582 4245 Robertus,
1618 4165 1799 4232 Robertus
1837 4165 1950 4232 maior
1990 4177 2028 4234 st

528 4301 709 4385 Jobannes
736 4321 846 4369 unum
874 4321 953 4368 esse
977 4302 1140 4369 volumus
1165 4301 1387 4385 Justiciarlos
1422 4312 1571 4382 nostros,
1609 4301 1655 4368 ad
1688 4301 1934 4387 inquirendum
1963 4323 2028 4388 per
2122 4290 2129 4303 '

525 4447 784 4505 sacramentum
813 4441 1001 4524 proborum
1030 4447 1067 4507 et
1095 4439 1262 4525 lfflalium
1291 4439 1473 4506 bominum
1500 4440 1546 4507 de
1570 4439 1739 4506 comitam
1774 4438 1933 4524 predicto
1960 4459 2027 4526 per

513 4593 617 4660 quos
637 4575 689 4641 rei
709 4574 841 4644 veritas
862 4575 988 4642 melius
1009 4575 1092 4642 sciri
1110 4577 1241 4662 poterit
1260 4577 1306 4644 de
1327 4575 1539 4644 omnimodis
1561 4575 1710 4657 teloniis,
1736 4575 2027 4664 transgressioni-

527 4715 604 4794 bus,
640 4710 874 4792 iorstallariis,
910 4713 1115 4798 regratariis
1141 4723 1178 4781 et
1212 4712 1474 4781 extorsionibus
1506 4713 1543 4778 in
1574 4713 1742 4780 comitatu
1772 4711 1930 4798 predicto
1961 4732 2026 4797 per

526 4869 764 4936 quoscumque
778 4859 815 4916 et
828 4849 1130 4937 qualitercumque
1143 4849 1247 4918 iactis
1260 4849 1336 4918 sive
1356 4849 1578 4936 perpetratis,
1593 4859 1712 4935 etque
1733 4868 1873 4916 exnunc
1893 4847 2025 4915 ibidem

526 4983 602 5051 fieri
630 4986 811 5073 continget
823 5011 833 5062 ;
863 4995 899 5053 et
927 4985 1040 5053 eciam
1068 4988 1114 5054 de
1148 4987 1312 5054 omnibus
1347 4987 1420 5055 illis
1455 4987 1516 5074 qui
1553 4987 1592 5052 in
1621 4983 1874 5052 conventimdis
1901 4993 2025 5052 contra

525 5141 650 5208 pacem
678 5131 835 5190 nostram
864 5131 901 5188 et
929 5121 967 5188 in
996 5125 1298 5208 perturbacionem
1320 5123 1442 5212 populi
1471 5123 1583 5191 nostri
1612 5141 1674 5190 seu
1695 5121 1732 5188 vi
1754 5120 2023 5189 munierint
