5224 6596
619 709 732 844 214'
960 746 1058 838 coe
1082 746 1221 837 attttc
1245 745 1344 836 neo
1367 744 1497 836 soon
1521 743 1572 833 ot
1593 742 1782 835 sustu.

617 959 806 1047 contigerit
834 961 1023 1046 quominus
1047 961 1145 1030 boris
1173 957 1354 1028 canonicis
1381 958 1551 1026 iuteresse
1579 957 1638 1026 vel
1664 957 1814 1026 missam
1840 966 1882 1023 vt
1911 956 2128 1044 premittitur
2210 995 2217 1007 ·

615 1093 747 1180 poterit
799 1095 986 1178 celebrare,
1038 1097 1201 1164 volumus
1250 1105 1288 1163 et
1331 1093 1536 1162 ordinamus
1587 1095 1683 1180 quod
1734 1093 1845 1162 alium
1895 1091 2128 1180 capellanum

615 1231 792 1319 ydoneum
822 1231 898 1299 suis
926 1232 1127 1320 sumptibus
1154 1231 1407 1300 inuenientium
1434 1229 1621 1318 prouideat
1642 1230 1705 1317 qui
1724 1249 1834 1300 onera
1855 1229 1950 1298 dicte
1971 1231 2127 1300 mutans

616 1368 863 1437 inmmbencia
889 1379 927 1436 et
953 1369 1139 1456 potissime
1167 1368 1206 1436 in
1234 1368 1354 1437 missis
1382 1363 1604 1436 celebrandis
1631 1367 1758 1434 subeat
1785 1365 1825 1434 in
1854 1365 2020 1434 omnibus
2046 1367 2126 1435 loco

616 1505 682 1572 sui.
727 1504 944 1574 ordinamus
971 1507 1116 1594 insuper
1142 1517 1181 1575 et
1209 1505 1398 1574 statuimus
1422 1505 1517 1592 quod
1546 1503 1666 1570 nullus
1692 1503 1830 1570 habens
1859 1501 1957 1570 aliud
1992 1499 2125 1572 benefi-

616 1641 710 1708 cium
760 1661 841 1710 cum
891 1604 1417 1710 cumvo'stnecuram
1467 1639 1617 1706 mntem
1669 1636 1875 1708 cantaem
1925 1637 2125 1726 Quanto

616 1777 824 1847 admittatur
869 1782 983 1848 donec
1024 1777 1234 1849 beneficium
1277 1777 1377 1865 prius
1418 1785 1614 1862 optentum,
1652 1795 1691 1844 re
1726 1786 1764 1844 et
1798 1775 1928 1858 verbis,
1964 1795 2053 1862 pure
2087 1785 2124 1844 et

616 1915 832 2001 simpliciter,
861 1915 1028 1984 diminat
1072 1915 1122 1984 Et
1150 1915 1183 1982 si
1212 1913 1428 2000 Capelianus
1456 1913 1550 1981 dicte
1579 1911 1746 1984 Cautarie
1783 1911 1882 1981 aliud
1916 1913 2125 1982 beneficium

615 2051 893 2118 ecclesiasticum
937 2069 1018 2118 cum
1054 2070 1141 2118 cura
1174 2051 1232 2118 val
1268 2050 1347 2118 sine
1383 2069 1468 2118 cura
1504 2051 1751 2137 quodcumque
1789 2069 1854 2136 per
1897 2050 2126 2138 adeptionem

466 2235 473 2250 .
519 2233 527 2248 .
615 2179 719 2254 dicte'
737 2187 904 2256 Canterie
931 2187 1037 2256 fixerit
1068 2197 1249 2256 assecutus
1277 2187 1396 2273 ipsam
1426 2185 1630 2256 cantariam
1660 2205 1770 2275 quam
1798 2206 1843 2254 eo
1871 2185 1964 2254 facto
2000 2207 2126 2256 vacare

614 2343 799 2392 censemus
833 2325 992 2392 dimittet
1020 2343 1059 2392 re
1087 2333 1124 2392 et
1152 2323 1271 2391 verbo.
1316 2321 1533 2392 Ordinamus
1568 2323 1714 2410 insuper
1742 2333 1780 2390 et
1808 2323 1999 2392 statuimus
2031 2326 2126 2410 quod

613 2461 828 2549 Capelianus
856 2470 1047 2548 perpetuus
1075 2461 1170 2530 dicte
1198 2459 1366 2530 cantaria
1394 2460 1456 2547 qui
1484 2479 1550 2546 pro
1577 2469 1738 2546 tempore
1765 2458 1874 2528 fuerit
1902 2457 1993 2528 inira
2021 2461 2124 2546 quin·

613 2599 727 2665 decim
767 2598 845 2665 dies
883 2598 930 2664 ab
967 2596 1177 2666 inductione
1217 2616 1283 2664 sua
1321 2596 1359 2662 in
1399 2597 1618 2684 corporalem
1662 2595 1923 2682 possessionem
1966 2597 2124 2683 eiusdem

614 2733 780 2804 Cantarie
808 2734 1048 2802 numerandos
1081 2729 1319 2801 inuentarium
1356 2749 1463 2817 super
1497 2731 1663 2798 omnibus
1699 2729 1801 2798 libris
1822 2717 1872 2799 ¹et
1907 2732 2125 2799 ornamentis

613 2870 660 2935 ad
688 2869 839 2936 eandem
868 2867 1066 2935 cantariam
1103 2867 1405 2954 qualitercumque
1442 2867 1697 2952 spectantibus,
1734 2876 1771 2935 et
1806 2887 1876 2956 que
1911 2867 2125 2938 sufficiencia

614 3017 650 3072 et
678 3003 920 3090 competencia
948 3021 1027 3070 esse
1056 3003 1222 3070 nouimus
1250 3003 1288 3069 in
1316 3000 1474 3089 presenti
1504 3003 1571 3069 sub
1599 2999 1697 3070 fideli
1722 3003 1925 3072 testimonio
1953 3003 2125 3074 conficere

613 3149 785 3222 meatum,
814 3141 914 3227 cujus
942 3139 1133 3208 muentarii
1168 3148 1306 3225 partem
1342 3159 1450 3205 unam
1485 3159 1598 3226 penes
1633 3140 1803 3228 majorem
1839 3141 1933 3210 dicte
1967 3141 2052 3211 ville
2086 3153 2124 3212 et

615 3277 723 3345 aliem
764 3295 875 3364 penes
919 3278 1070 3344 eundem
1114 3277 1338 3364 capellanum
1381 3275 1545 3343 volumus
1590 3295 1782 3346 remanere.
1851 3277 2050 3348 Statuimus
2087 3291 2123 3347 et

613 3419 817 3487 ordinamus
853 3420 947 3506 quod
983 3419 1133 3506 quilibet
1161 3419 1367 3505 capellanus
1395 3415 1490 3484 dicte
1518 3415 1675 3482 cantaria
1711 3434 1776 3482 suo
1807 3424 1967 3503 tempore
2000 3417 2122 3484 omnia

617 3555 738 3624 onera¹
752 3553 832 3647 [ad]
845 3557 1114 3638 emendandum,
1135 3565 1172 3622 et
1185 3553 1436 3622 inuenientium
1450 3553 1571 3635 libros,
1593 3550 1722 3620 calices
1743 3561 1779 3619 et
1800 3563 2010 3621 ornamenta
2029 3553 2123 3622 dicus

614 3689 791 3776 eantarie,
820 3710 958 3758 necnon
986 3692 1223 3778 reparandum
1251 3701 1298 3774 et,
1328 3693 1360 3759 si
1381 3711 1526 3758 necesse
1554 3689 1669 3771 fixerit,
1693 3689 1966 3757 construendum
1986 3689 2122 3772 domos

612 3828 745 3914 shopas
788 3828 1009 3914 supradictas
1052 3829 1127 3896 suis
1171 3829 1370 3916 sumptibus
1412 3837 1583 3896 teneatur.
1653 3826 1702 3894 Et
1753 3827 1785 3894 si
1829 3823 1949 3894 forsan
1983 3828 2123 3915 'aliquis

612 3965 875 4052 capellanorum
903 3965 997 4033 dicte
1026 3964 1193 4034 Cantarie
1221 3984 1330 4034 onera
1357 3984 1422 4033 suo
1449 3974 1609 4050 tempore
1636 3981 1829 4052 agnoscere
1858 3965 2121 4050 pretermiserit,

614 4099 727 4186 ipsius
768 4110 972 4168 executores
1013 4101 1045 4170 si
1086 4121 1175 4188 quos
1217 4101 1339 4170 iecerit
1378 4102 1436 4168 vel
1477 4101 1508 4168 si
1549 4100 1764 4168 abintestato
1800 4099 1991 4168 (imment
2026 4101 2122 4170 bona

614 4235 727 4322 ipsius
748 4237 896 4305 mobilia
917 4237 963 4304 ad
986 4256 1284 4325 quorumcumque
1304 4257 1433 4306 manus
1453 4236 1661 4305 deuenerint
1681 4256 1752 4323 que
1773 4235 1973 4324 specialiter
1993 4236 2031 4304 in
2052 4237 2121 4304 hac

613 4380 715 4458 parte
758 4391 942 4440 censemus
980 4374 1027 4440 ad
1067 4373 1241 4460 premissa
1278 4373 1467 4444 efficaciter
1505 4375 1675 4462 obligata,
1721 4376 1768 4442 ad
1814 4374 2121 4462 supportacionem

612 4528 760 4577 onentm
799 4509 1002 4596 huiusmodi
1044 4513 1208 4581 volumus
1244 4511 1423 4601 distringi.
1487 4511 1665 4580 Volumus
1700 4513 1813 4580 eciem
1846 4522 1883 4580 et
1918 4511 2148 4578 ordinamus

612 4645 710 4732 quod
751 4645 967 4734 Capellanus
1002 4647 1096 4716 dicte
1144 4647 1314 4716 Canterie
1355 4650 1417 4735 qui
1459 4669 1525 4736 pro
1560 4661 1718 4736 tempore
1753 4647 1858 4716 luerit
1888 4649 2123 4736 pmonianm

612 4783 709 4849 dicte
737 4783 873 4868 capelle
900 4784 998 4852 beati
1027 4783 1163 4853 Thome
1191 4786 1237 4851 ad
1266 4794 1489 4852 sacramenta
1508 4785 1567 4852 vel
1589 4785 1860 4852 sacramentalia
1883 4783 2123 4854 ecclesiastica

614 4919 656 4984 in
694 4917 925 5004 prejudicium
967 4919 1091 4988 Cureti
1131 4921 1225 4990 dicte
1269 4922 1405 5009 capelle
1448 4922 1650 4989 nullatenus
1689 4919 1865 4988 adnuittat
1929 4917 2124 4987 Vniuersas
2185 4965 2187 4972 ·

616 5051 763 5140 insuper
789 5053 993 5122 oblaciones
1021 5076 1112 5144 quas
1139 5058 1257 5146 ipsum
1286 5055 1377 5124 infra
1404 5057 1536 5125 dictam
1565 5055 1740 5144 capellam
1765 5057 2064 5144 qualitercumque
2085 5069 2122 5124 et

662 5193 2080 5268 ²Tuswaobabemrlteed.maulamgntmdedmmnmu’wiimooennntleemelna
