5342 6616
639 807 663 876 6
977 799 1075 891 doe
1098 800 1361 893 etoleno
1386 803 1514 894 root
1540 804 1590 892 ot
1619 803 1807 894 tirtotot

1040 1011 1132 1105 [The
1145 1013 1236 1083 three
1249 1020 1333 1084 next
1343 1014 1467 1084 minis
1478 1037 1537 1084 ore
1549 1015 1746 1109 cardons}

634 1174 692 1241 De
706 1175 794 1242 turri
808 1175 902 1242 ultra
915 1184 1054 1262 portam
1069 1177 1114 1244 de
1129 1177 1258 1245 Frome
1273 1178 1430 1248 inferiori
1504 1227 1512 1246 .
1646 1228 1655 1246 .
1788 1229 1797 1246 .

633 1329 691 1398 De
705 1329 881 1400 Eduardo
897 1331 1051 1400 Blanket
1066 1351 1131 1420 pro
1153 1332 1242 1400 turri
1263 1333 1301 1399 in
1324 1333 1535 1400 occidentali
1550 1343 1651 1420 parte
1665 1333 1760 1402 Knie
1774 1355 1799 1402 a

719 1466 811 1535 festo
836 1479 1038 1538 sanctorum
1064 1467 1223 1538 Simonis
1249 1480 1286 1535 et
1309 1468 1402 1552 Jude
1424 1469 1652 1556 eunomii]
1677 1465 1798 1562 [¹³59]

723 1624 789 1691 per
809 1615 881 1672 tres
903 1625 1018 1674 annos
1039 1615 1240 1692 sequentes,
1262 1604 1345 1672 xxd.
1395 1605 1443 1673 Et
1464 1606 1593 1674 exinde
1614 1609 1661 1674 ed
1682 1618 1796 1676 totum

720 1741 909 1810 terminum
923 1743 998 1809 vite
1010 1742 1161 1828 predicti
1176 1741 1356 1824 Edwardi,
1368 1743 1450 1822 rid..
1466 1752 1502 1811 et
1516 1754 1598 1829 post
1614 1745 1798 1812 decessum

718 1879 868 1964 predicti
882 1877 1049 1947 Edwardi
1073 1925 1795 1950 ......

491 2055 499 2072 ·
527 2055 535 2074 ·
632 2030 689 2099 De
703 2039 905 2100 tenemento
925 2052 1039 2120 nuper
1050 2033 1226 2117 Johennis
1249 2033 1447 2102 Mildecorn
1463 2035 1564 2104 iuxta
1584 2039 1619 2106 le
1641 2038 1798 2127 Blyude-

630 2321 687 2390 De
701 2322 862 2392 waltero
878 2323 1053 2410 Hoghton
1068 2343 1134 2410 pro
1149 2323 1237 2391 turri
1250 2325 1297 2392 de
1310 2323 1603 2412 Aylwardeeyate
1644 2373 1653 2390 .
1787 2373 1795 2389 .

630 2476 687 2544 De
701 2478 820 2545 Adam
835 2477 997 2546 Marchal
1013 2498 1078 2564 pro
1093 2481 1196 2546 trabe
1210 2478 1312 2546 iuxta
1324 2478 1566 2546 molendinum
1580 2479 1688 2546 castri
1785 2527 1794 2545 .

629 2629 686 2697 De
722 2630 869 2718 Rogero
904 2630 1021 2698 Leche
1058 2651 1124 2718 pro
1162 2651 1276 2699 vacua
1311 2633 1436 2717 placeo
1472 2631 1573 2698 iuxta
1608 2629 1793 2698 ecclesiam

716 2768 831 2835 sancti
846 2768 943 2835 Petri

629 2904 686 2972 De
708 2905 870 2988 Johanne
892 2905 1084 2973 Horcaetel
1104 2925 1170 2992 pro
1190 2912 1392 2972 tenemento
1417 2923 1482 2971 suo
1502 2903 1541 2970 in
1562 2903 1794 2992 Wynchotret

717 3060 763 3108 ex
778 3041 942 3127 opposito
958 3039 1170 3128 collistrigii¹
1213 3087 1789 3108 .....

627 3183 684 3250 De
697 3183 1020 3250 Eieordelderehei
1035 3183 1213 3270 pretrebe
1227 3183 1358 3250 ibidem
1495 3229 1504 3248 .
1636 3229 1645 3247 .
1779 3229 1787 3246 .

628 3325 686 3391 De
707 3325 870 3408 Johenne
890 3325 1070 3412 Whityng
1091 3345 1157 3412 pro
1178 3327 1202 3412 ij
1226 3326 1359 3412 plaoeis
1381 3325 1503 3393 vacuis
1524 3324 1562 3390 in
1583 3323 1792 3410 Worehipe·

626 3612 684 3678 De
699 3610 880 3677 Willelmo
894 3611 1059 3678 Tenuere
1080 3629 1146 3697 pro
1161 3617 1363 3676 tenemento
1379 3629 1443 3676 suo
1458 3627 1565 3694 super
1582 3609 1731 3674 beccum
1746 3605 1791 3672 de

713 3754 744 3821 F
744 3773 841 3820 rome
855 3753 950 3839 quod
965 3752 1142 3820 inhabitat
1206 3797 1783 3819 .....

626 3896 684 3964 De
697 3897 879 3964 Willelmo
902 3896 1065 3964 Tenuere
1086 3897 1187 3963 iuxta
1201 3896 1345 3962 domum
1360 3893 1505 3960 fratrum
1527 3891 1702 3959 minorum
1725 3909 1790 3976 pro

714 4038 852 4104 duabus
865 4038 999 4123 placeio
1015 4037 1146 4105 ibidem
1209 4083 1786 4105 .....

625 4178 683 4246 De
706 4178 871 4262 Johanne
894 4178 1093 4265 Wycombe
1121 4197 1185 4264 pro
1210 4187 1412 4246 tenemento
1437 4179 1476 4246 in
1501 4175 1677 4266 draperia²
1695 4177 1791 4264 quod

714 4319 875 4386 Eborard
890 4321 1070 4406 Franceye
1084 4320 1218 4407 legavit
1232 4319 1501 4387 communitati.
1634 4367 1644 4386 .
1777 4365 1786 4384 .

626 4463 685 4529 De
697 4462 863 4546 Johanne
877 4461 1052 4532 Combare
1071 4463 1257 4547 capellano
1278 4483 1344 4548 pro
1357 4472 1559 4530 tenemento
1574 4463 1612 4529 in
1632 4463 1789 4550 Blynde·

712 4615 796 4693 yate

626 4749 685 4817 De
707 4749 870 4818 Roberto
893 4747 1046 4836 Prentyz
1070 4767 1135 4835 pro
1158 4746 1291 4816 fossato
1315 4747 1495 4815 communi
1523 4747 1624 4850 iuuta
1648 4756 1786 4834 portam

711 4888 869 4958 Lefferdi
925 4936 1787 4958 .......

1976 4886 2062 4974 iiijd.
2078 4888 2135 4956 ob.

627 5137 818 5206 querutum.
853 5135 1582 5206 ’Apurtot'theliighstrectmcoiledthennperm
1600 5133 2135 5204 Seya’rdlmot'rsosBristol‚11.,p.r4o.
