5294 6592
820 795 917 888 itte
941 795 1079 886 little
1103 797 1201 888 tiro
1228 797 1358 887 ttoot
1383 795 1433 886 ot
1463 793 1650 886 tuotot
1940 817 1984 889 7¹

483 1011 619 1100 legales
646 1011 819 1092 homines,
848 1019 1062 1078 mercatores
1090 1020 1127 1078 et
1155 1019 1347 1078 sectatores
1375 1009 1532 1078 dusdem
1562 1007 1666 1077 curie
1694 1015 1731 1074 et
1759 1005 1850 1073 elios
1873 1005 1989 1075 eidem

484 1146 590 1215 Curie
629 1147 827 1214 viciniores.
886 1145 935 1214 Et
963 1155 1002 1213 vt
1030 1146 1232 1214 huiusmodi
1261 1147 1423 1226 maiores,
1463 1144 1650 1213 senescalli
1687 1153 1724 1212 et
1762 1143 1825 1211 elii
1862 1145 1993 1230 quibus

482 1293 538 1351 est
562 1284 789 1352 commissum
818 1295 858 1354 vt
886 1287 1087 1354 huiusmodi
1118 1287 1243 1354 Curias
1272 1295 1417 1352 teneant
1446 1285 1518 1353 sint
1547 1284 1586 1351 in
1614 1291 1710 1350 certo
1746 1283 1808 1370 qui
1843 1291 1992 1350 suntet

483 1440 562 1487 esse
611 1421 742 1489 debent
788 1432 981 1492 sectatores
1028 1425 1075 1490 ad
1123 1423 1325 1491 huiusmodi
1379 1421 1516 1502 Curias,
1560 1420 1753 1490 Sciendum
1797 1430 1853 1486 est
1895 1420 1992 1508 quod

481 1575 606 1624 omnes
635 1557 689 1623 illi
711 1559 773 1644 qui
794 1557 928 1627 feoffeti
950 1571 1033 1628 sunt
1054 1570 1092 1627 et
1113 1560 1308 1628 residentes
1329 1557 1421 1626 infra
1442 1557 1573 1626 limites
1594 1556 1789 1635 ciuitatum,
1811 1554 1988 1635 serianum,

479 1703 656 1778 portuum,
684 1696 878 1784 burgorum
907 1706 943 1764 et
978 1697 1143 1764 villarum
1179 1696 1466 1764 mercatoriarum
1495 1704 1532 1762 et
1559 1694 1672 1762 eciem
1701 1713 1825 1760 omnes
1853 1712 1990 1760 merca·

483 1843 578 1898 tores
622 1833 683 1919 qui
726 1853 773 1900 ex
811 1833 1064 1900 consuetudine
1102 1833 1209 1900 feries
1247 1833 1329 1900 illas
1373 1851 1437 1900 seu
1479 1838 1635 1898 mercata
1678 1829 1812 1897 usitant
1854 1838 1891 1896 et
1934 1829 1988 1894 illi

480 1987 630 2054 quorum
653 1971 798 2036 nomina
820 1971 857 2036 in
882 1970 1007 2056 papiro
1029 1981 1112 2038 sunt
1132 1971 1279 2037 mercati
1309 1970 1379 2037 nisi
1400 1969 1474 2037 sint
1494 1968 1612 2036 clerici
1632 1968 1691 2034 vel
1712 1973 1808 2032 statu
1833 1964 1987 2032 clericali

479 2111 629 2183 vtentes,
660 2103 828 2186 Comites,
865 2106 1036 2188 Berones,
1070 2106 1251 2186 Beroneti,
1291 2107 1349 2173 vel
1386 2105 1529 2186 milites,
1568 2115 1606 2172 et
1648 2103 1743 2190 quod
1785 2103 1990 2170 huiusmodi

478 2247 670 2305 sectatores
708 2258 831 2307 omnes
868 2251 905 2310 et
944 2241 1078 2328 singuli
1115 2241 1389 2308 emerciamonta
1427 2260 1493 2328 pro
1516 2237 1617 2307 falsis
1646 2239 1786 2306 iudiciis
1815 2238 1988 2305 subibunt

477 2380 615 2438 tentum
656 2382 692 2438 et
729 2374 819 2441 nulli
853 2374 926 2442 elii.
970 2373 1036 2443 Set
1071 2384 1245 2442 mercator
1279 2375 1427 2442 veniens
1462 2385 1498 2440 et
1534 2373 1674 2440 rediens
1710 2372 1757 2439 ad
1785 2369 1987 2438 huiusmodi

477 2518 669 2574 mercatum
699 2509 760 2594 qui
789 2529 862 2576 non
890 2520 946 2578 eet
974 2508 1136 2578 ieoffetus
1166 2509 1258 2576 inira
1292 2509 1424 2578 limites
1460 2508 1605 2576 mercati
1634 2509 1686 2574 ita
1721 2510 1816 2595 quod
1851 2519 1986 2577 sectam

388 2707 396 2724 ,
477 2647 524 2712 ed
569 2646 712 2715 Curiam
755 2649 902 2716 mercati
952 2669 1025 2717 non
1075 2650 1204 2716 debeat
1248 2647 1317 2714 nisi
1361 2655 1530 2732 tanquam
1576 2655 1750 2712 mercator
1791 2646 1985 2714 forinsecus

477 2792 670 2851 mercatum
698 2785 786 2852 illud
814 2783 951 2852 usitans
991 2803 1063 2851 non
1100 2783 1233 2851 incidet
1272 2783 1310 2850 in
1351 2781 1591 2850 misericordie
1623 2801 1711 2868 erga
1744 2781 1885 2868 Regem
1920 2800 1990 2868 pro

476 2917 566 2986 falso
592 2920 723 2988 iudicio
758 2941 824 2990 nec
856 2923 894 2988 in
925 2921 1045 3008 aliquo
1076 2921 1144 2988 erit
1171 2920 1351 3006 particeps
1379 2919 1580 2988 huiusmodi
1609 2921 1884 3001 amerciamenti,
1914 2919 1986 2996 nisi

475 3075 622 3142 presens
651 3055 822 3127 fueritin
851 3067 1008 3125 mercato
1042 3066 1201 3143 ternpore
1237 3057 1300 3122 illo
1328 3075 1401 3143 quo
1428 3055 1631 3123 huiusmodi
1659 3053 1790 3123 falsum
1816 3055 1986 3124 iudicium

475 3195 651 3262 redditum
683 3195 812 3262 extitit

818 3413 915 3545 DE
964 3469 1203 3546 [vorens
1250 3467 1637 3559 EXEQUENDJS.
1737 3488 1740 3494 Δ

604 3631 693 3700 Cum
730 3633 769 3700 in
811 3633 887 3701 foro
930 3634 1078 3701 mercati
1121 3634 1288 3700 iudicium
1332 3633 1508 3700 redditum
1545 3632 1592 3699 sit
1628 3633 1821 3699 secundum
1865 3633 1982 3719 legem

474 3770 729 3851 mercatoriam,
759 3770 880 3837 statim
910 3769 1141 3838 demandetur
1169 3769 1384 3845 execucioni,
1414 3789 1484 3853 que
1503 3769 1670 3836 exeoucio
1690 3767 1844 3856 pertinet
1867 3769 1986 3854 primo

472 3915 509 3973 et
537 3905 781 3992 principaliter
808 3907 953 3974 domino
981 3907 1128 3975 mercati
1156 3909 1213 3972 vel
1243 3908 1289 3972 ad
1315 3927 1396 3972 eum
1422 3906 1484 3992 qui
1509 3907 1625 3972 locum
1654 3905 1789 3974 domini
1817 3917 1915 3975 tenet
1944 3909 1983 3975 in

472 4052 626 4110 mercato
655 4053 692 4136 et
721 4044 975 4129 subsequenter
997 4045 1044 4110 ed
1069 4052 1261 4124 sectatores
1290 4040 1394 4109 Curie
1420 4041 1577 4121 mercati,
1606 4042 1660 4107 ita
1687 4043 1852 4110 videlicet
1887 4045 1993 4127 quod

470 4179 503 4246 si
532 4179 658 4246 balliui
683 4181 829 4248 mercati
855 4181 917 4266 qui
940 4180 1142 4248 huiusmodi
1171 4179 1419 4245 executionem
1444 4178 1679 4263 personaliter
1706 4177 1821 4248 fecere
1849 4181 1985 4248 debent

470 4299 550 4383 cum
573 4317 620 4384 ad
643 4317 760 4382 locum
784 4317 946 4384 venerint
973 4317 1035 4383 vbi
1059 4318 1127 4384 hoc
1151 4315 1267 4382 iacere
1292 4317 1424 4382 debent
1450 4314 1695 4382 resistenciam
1721 4316 1907 4383 inueniant
1928 4316 1981 4384 ite

345 4445 348 4450 ’
470 4453 565 4537 quod
595 4452 744 4537 pacifico
779 4452 885 4519 modo
922 4453 1089 4520 iudicium
1126 4452 1214 4518 illud
1251 4451 1289 4517 in
1320 4449 1433 4518 forme
1472 4451 1525 4517 eis
1560 4451 1693 4518 tradita
1733 4452 1863 4537 exequi
1906 4471 1979 4520 non

469 4591 623 4670 valeant,
659 4599 745 4656 tunc
782 4589 928 4674 capiant
964 4588 1034 4674 ipsi
1072 4587 1198 4654 balliui
1243 4585 1485 4652 testimonium
1528 4586 1574 4651 de
1625 4584 1730 4652 bonis
1776 4584 1983 4652 hominibus

467 4726 595 4794 vicinis
618 4739 654 4793 et
679 4727 761 4794 aliia
783 4728 829 4793 de
854 4723 1055 4791 huiusmodi
1080 4723 1287 4790 resistencia
1315 4721 1384 4786 sibi
1414 4721 1508 4786 fecta
1537 4729 1574 4788 et
1605 4720 1840 4787 incontinenti
1876 4721 1983 4787 certi·

466 4866 574 4933 ficent
598 4867 682 4933 inde
706 4866 904 4950 superiores
927 4882 1021 4943 suos,
1045 4862 1099 4928 ita
1122 4860 1241 4926 saltim
1266 4859 1361 4944 quod
1386 4859 1418 4924 si
1446 4858 1648 4926 huiusmodi
1680 4858 1887 4924 resistentie
1914 4857 1981 4925 fiet

467 5014 550 5070 ante
581 5005 705 5071 horam
736 5021 868 5069 nonam
901 4997 1110 5066 certificetur
1148 4995 1274 5062 maiori
1314 4995 1460 5060 mercati
1495 4995 1559 5059 tali
1597 4993 1686 5060 hora
1730 4993 1825 5078 quod
1870 4991 1979 5060 Curia

467 5141 613 5209 mercati
648 5138 819 5207 sumoniri
854 5135 984 5222 poterit
1016 5134 1063 5201 ad
1103 5132 1383 5200 conueniendum
1412 5132 1450 5198 in
1480 5131 1641 5198 tolbotha
1670 5151 1736 5197 sua
1764 5130 1812 5196 ed
1840 5140 1975 5198 certem
