5224 6596
877 877 975 969 ube
997 873 1258 969 littletieu
1283 873 1411 965 ituci
1437 875 1486 966 ot
1516 876 1702 969 diduci
1966 906 2035 978 2³³

369 1101 458 1166 snb.
540 1089 693 1176 siliginis
731 1091 869 1158 venalis
917 1111 1027 1158 vnum
1077 1090 1319 1176 quadrantem,
1363 1089 1410 1155 de
1459 1089 1612 1178 singulis
1663 1091 1801 1160 duobus
1853 1093 2039 1178 quarteriis

539 1226 710 1308 fabarum,
740 1229 907 1314 pisarum,
936 1229 1064 1312 brasei,
1094 1247 1286 1295 auenarum
1315 1236 1352 1294 et
1380 1226 1467 1294 salis
1495 1227 1631 1292 venalis
1658 1245 1767 1294 vnum
1797 1227 2041 1312 quadrantem,

539 1364 584 1430 de
623 1364 774 1452 singulis
808 1366 921 1434 doleis
955 1367 1030 1432 vini
1065 1365 1202 1432 venalis
1237 1365 1327 1431 duos
1363 1362 1537 1444 denarios,
1571 1363 1616 1430 de
1644 1363 1803 1449 qualibet
1831 1365 1932 1450 peisa
1961 1364 2040 1451 cepi

537 1501 674 1568 venalis
715 1521 824 1568 vnum
868 1502 1061 1583 denarium,
1106 1502 1152 1568 de
1194 1501 1352 1586 quolibet
1394 1499 1489 1567 lasto
1533 1498 1697 1567 allecium
1740 1501 1918 1568 venalium
1969 1513 2041 1569 tres

536 1636 710 1719 denarios,
758 1638 803 1705 de
848 1638 1018 1725 qualibetl
1060 1647 1209 1705 centena
1244 1636 1394 1722 piscium
1432 1635 1611 1704 venalium
1645 1655 1753 1704 vnum
1797 1639 1950 1719 obolum,
1995 1637 2040 1707 de

536 1774 695 1860 qualibet
722 1793 814 1843 naue
843 1795 922 1842 cum
951 1775 1152 1854 maeremio‚
1181 1777 1291 1842 busca
1320 1776 1377 1841 vel
1406 1773 1520 1840 turbis
1547 1773 1733 1842 venalibus
1769 1782 1910 1842 carcata
1949 1775 2039 1842 duos

536 1910 709 1990 denarios,
740 1912 785 1978 de
817 1911 974 1998 qualibet
1009 1909 1161 2002 cel[dra]
1197 1912 1388 1978 carbonum
1426 1911 1681 1978 maritimorum
1717 1911 1894 1979 venalium
1930 1931 2038 1980 vnum

536 2045 778 2132 quadrantem,
804 2049 850 2115 de
878 2049 1036 2134 quolibet
1064 2047 1263 2132 summagio
1299 2049 1381 2116 allei
1418 2050 1476 2117 vel
1513 2069 1678 2135 ceperum
1714 2049 1892 2119 venalium
1927 2070 2037 2118 vnum

536 2184 779 2268 quadrantem,
808 2186 854 2250 de
883 2185 1040 2271 qualibet
1068 2187 1152 2252 naui
1186 2185 1316 2253 cortice
1355 2186 1473 2252 venali
1514 2195 1656 2254 carcata
1694 2207 1802 2254 vnum
1843 2187 2039 2267 denarium,

534 2322 580 2386 de
608 2321 766 2405 qualibet
793 2321 928 2388 batella
957 2321 1033 2388 siue
1059 2322 1194 2410 bargea
1222 2324 1333 2390 busca
1360 2322 1479 2389 venali
1509 2333 1650 2390 caecata
1678 2343 1785 2390 vnum
1814 2325 1968 2406 obolum,
1994 2326 2040 2391 de

535 2456 685 2544 singulis
714 2458 835 2525 decem
863 2459 974 2545 petris
1000 2459 1127 2526 canabi
1154 2459 1213 2527 vel
1240 2459 1304 2526 lini
1333 2460 1470 2528 venalis
1499 2479 1607 2526 vnum
1638 2413 1790 2539 obolum,
1813 2459 1859 2527 de
1879 2461 2039 2546 quolibet

534 2579 733 2681 summagio
761 2593 844 2661 ferri
871 2595 1009 2662 venalis
1037 2614 1145 2664 vnum
1174 2598 1418 2682 quadrantem,
1447 2597 1493 2663 de
1530 2595 1688 2682 qualibet
1726 2605 1865 2663 carecta
1899 2595 2038 2684 plumbi

533 2730 670 2799 venalis
698 2751 806 2799 vnum
842 2730 1037 2813 denarium,
1062 2733 1108 2800 de
1143 2733 1301 2820 quolibet
1337 2731 1433 2800 dolio
1473 2733 1564 2818 picis
1600 2741 1637 2800 et
1677 2731 1862 2800 bituminis
1900 2732 2039 2802 venalis

530 2888 640 2936 vnum
680 2870 834 2950 obolum,
879 2871 925 2937 de
967 2871 1125 2956 quolibet
1167 2870 1265 2986 doliq
1303 2872 1389 2938 salis
1432 2871 1570 2938 venalis
1609 2889 1718 2937 vnum
1759 2870 1952 2950 denarium,
1994 2871 2040 2938 de

532 3006 690 3092 quolibet
717 3007 814 3074 dolio
843 3007 1000 3076 cinerum
1028 3029 1137 3076 vnum
1167 3007 1410 3094 quadrantem,
1441 3007 1486 3073 de
1519 3006 1681 3092 quolibet
1716 3006 1812 3074 dolio
1848 3009 2040 3075 carbonum

531 3144 709 3211 venalium
752 3165 861 3213 vnum
904 3145 1099 3227 denarium,
1142 3147 1188 3213 de
1231 3144 1389 3232 qualibet
1431 3156 1583 3211 centena
1628 3161 1707 3211 cere
1746 3143 1883 3210 venalis
1930 3163 2039 3213 vnum

531 3281 725 3363 denarium,
753 3283 799 3349 de
827 3283 986 3369 qualibet
1014 3292 1164 3350 centena
1190 3281 1302 3369 panni
1331 3281 1444 3348 lanuti
1474 3281 1612 3349 venalis
1639 3301 1748 3348 vnum
1777 3280 1971 3363 denarium,
1994 3282 2039 3350 de

531 3417 689 3504 quelibet
731 3426 881 3486 centena
923 3419 1006 3500 line,
1050 3421 1120 3487 tele
1160 3429 1196 3486 et
1239 3417 1420 3487 caneuesii
1464 3415 1601 3485 venalis
1644 3436 1754 3484 vnum
1799 3417 1952 3498 obolum,
1992 3419 2038 3484 de

531 3553 689 3639 qualibet
717 3564 867 3622 centena
907 3555 1041 3641 piperis
1080 3555 1217 3623 venalis
1252 3574 1362 3623 unum
1400 3553 1594 3633 denarium,
1634 3553 1679 3619 de
1717 3552 1875 3638 quolibet
1913 3553 2037 3621 duello

530 3689 660 3759 ficuum
697 3701 734 3758 et
769 3693 814 3758 de
849 3693 999 3759 racemis
1041 3693 1227 3761 venalibus
1268 3713 1378 3760 vnum
1422 3692 1576 3771 obolum,
1613 3691 1659 3757 de
1695 3690 1852 3776 qualibet
1888 3699 2037 3758 centena

532 3829 789 3914 amigdalorum
850 3830 1028 3898 venalium
1090 3851 1198 3898 vnum
1257 3830 1442 3898 denarium
1496 3829 1541 3894 de
1598 3828 1719 3906 aues-io
1776 3834 1813 3895 et
1870 3828 2037 3914 pondere,

532 3964 666 4030 scilicet
719 3965 765 4031 de
816 3973 965 4032 centena
1014 3985 1123 4032 vnum
1170 3964 1365 4048 denarium,
1418 3967 1463 4032 de
1518 3963 1676 4050 qualibet
1727 3973 1879 4032 centena
1935 3964 2038 4032 bordi

530 4099 667 4168 venalis
717 4121 826 4169 vnum
876 4103 1030 4183 obolum,
1081 4103 1127 4169 de
1194 4102 1352 4188 quolibet
1416 4109 1533 4168 masto
1589 4100 1708 4167 venali
1764 4120 1873 4167 vnum
1928 4101 2037 4168 dena·

530 4237 632 4318 rium,
676 4238 721 4305 de
759 4239 917 4324 qualibet
960 4250 1109 4309 centena
1143 4241 1372 4309 cheuironurn
1409 4239 1466 4304 vel
1497 4237 1680 4303 auironum
1716 4237 1894 4305 venalium
1926 4254 2036 4304 vnum

530 4374 723 4458 denarium,
749 4375 794 4444 de
815 4376 974 4463 quolibet
994 4379 1077 4446 balo
1098 4379 1144 4445 de
1166 4378 1358 4447 Cordewan
1381 4385 1418 4443 et
1438 4377 1549 4442 basen
1570 4373 1689 4440 venali
1710 4393 1818 4441 vnum
1840 4375 2035 4458 denarium,

530 4513 576 4579 de
618 4513 776 4600 qualibet
816 4515 934 4582 celdra
978 4525 1071 4583 terre
1113 4516 1251 4583 venalis
1289 4533 1400 4581 vnum
1438 4509 1632 4590 denarium,
1674 4510 1720 4576 de
1758 4511 1916 4596 qualibet
1953 4513 2039 4581 naui

532 4648 636 4716 molis
673 4649 858 4716 venalibus
898 4660 1041 4718 cereata
1077 4673 1185 4718 vnum
1224 4650 1417 4728 denarium,
1457 4648 1502 4715 de
1539 4645 1699 4734 quolibet
1727 4666 1819 4732 equo
1847 4649 1905 4714 vel
1933 4667 2037 4735 equa,

530 4787 623 4853 boue
650 4786 708 4854 vel
736 4805 844 4854 vacca
872 4787 992 4855 venali
1020 4809 1128 4854 vnum
1157 4788 1313 4870 obolum,
1342 4789 1387 4854 de
1409 4787 1531 4854 decem
1555 4783 1693 4866 ouibus,
1719 4783 1836 4870 capris
1864 4794 1902 4852 et
1922 4786 2040 4872 porcis

531 4923 717 4991 venalibus
756 4943 865 4991 vnum
903 4924 1098 5008 denarium,
1134 4927 1179 4992 de
1215 4927 1374 5012 qualibet
1409 4933 1558 4992 centena
1595 4921 1703 5010 grisei
1743 4920 1860 5009 operis
1902 4923 2040 4990 venalis

532 5069 606 5127 tres
648 5059 823 5144 denarios,
863 5062 908 5130 de
949 5062 1108 5148 qualibet
1146 5072 1298 5130 centena
1335 5060 1454 5128 stanni
1494 5067 1531 5127 et
1568 5059 1668 5146 cupri
1706 5058 1886 5126 venalium
1930 5077 2038 5127 vuum

532 5196 726 5279 denarium,
767 5196 812 5264 de
850 5197 1128 5285 quibuscumque
1161 5197 1398 5266 mercimoniis
1438 5203 1475 5263 et
1514 5197 1620 5264 rebus
1654 5194 1839 5263 venalibus
1874 5195 2034 5264 hicnon

1168 5331 1397 5404 wsqnouua
