5294 6592
807 723 905 815 ube
928 719 1190 813 littlctlco
1215 720 1344 811 took
1370 719 1420 811 ot
1450 720 1638 814 trutol.
1927 735 1979 830 ⁶9

470 931 557 1012 DE
588 935 1048 1015 EXCEPCIONIBUS
1082 934 1307 1014 CONTRA
1349 933 1563 1012 TESTES
1592 936 1680 1012 ET
1706 937 1976 1034 JURATOS.

603 1086 775 1154 Habeant
820 1098 941 1176 partes
986 1086 1201 1173 placitantes
1246 1105 1327 1154 cum
1380 1083 1602 1155 defenderint
1658 1087 1695 1154 in
1745 1088 1980 1174 inquisicione

470 1221 693 1308 calumpnias
729 1243 814 1292 sues
852 1233 975 1291 contra
1007 1224 1146 1311 juratos
1179 1243 1223 1290 ac
1250 1223 1284 1292 ei
1311 1233 1431 1292 essent
1459 1225 1506 1292 ad
1535 1245 1756 1296 communem
1786 1228 1914 1318 legem,
1945 1239 1986 1300 et

469 1359 544 1427 sint
569 1379 675 1428 cause
699 1361 936 1428 racionabiles
955 1360 993 1427 in
1016 1360 1218 1428 huiusmodi
1243 1359 1456 1446 calumpniis
1480 1360 1598 1430 dicere
1622 1365 1717 1449 quod
1743 1365 1827 1434 talis
1849 1366 1984 1436 iurator

467 1517 548 1566 esse
576 1518 649 1565 non
677 1499 783 1567 debet
811 1519 876 1585 pro
904 1518 948 1567 eo
976 1497 1071 1586 quod
1107 1505 1163 1565 est
1198 1498 1243 1565 de
1275 1496 1595 1584 consanguinitate.
1630 1497 1812 1584 affinitate,
1841 1511 1981 1595 tenens,

469 1633 639 1714 seruiens,
664 1636 915 1713 submercaton
946 1632 1196 1719 apprenticius,
1226 1631 1273 1698 ad
1301 1631 1417 1714 feoda,
1445 1634 1492 1701 ad
1521 1635 1638 1716 robes,
1668 1637 1782 1723 partis
1817 1639 1976 1720 aduersa,

468 1769 527 1837 vel
566 1771 661 1856 quod
701 1779 785 1838 aunt
824 1789 905 1838 cum
942 1787 1013 1837 vno
1050 1779 1087 1836 et
1120 1767 1245 1836 eodem
1280 1767 1435 1850 domino,
1472 1771 1531 1837 vel
1571 1771 1695 1840 ductor
1725 1783 1762 1840 et
1799 1785 1983 1860 promotor

468 1905 627 1976 eiusdem
654 1907 779 1993 placiti
807 1927 873 1994 pro
895 1916 996 1994 parte
1020 1927 1124 1976 versa
1151 1929 1216 1998 per
1242 1909 1546 1996 conspiracionem
1575 1921 1792 1998 procuratus,
1820 1914 1879 1982 vel
1908 1915 1983 1984 alio

468 2043 575 2113 modo
598 2045 650 2112 ita
672 2047 739 2114 sub
764 2042 923 2114 dominio
945 2045 1003 2112 vel
1031 2046 1228 2134 domigerio
1256 2046 1370 2135 partis
1398 2047 1557 2114 existens
1586 2049 1682 2136 quod
1718 2071 1784 2118 nec
1815 2052 1893 2118 vult
1915 2071 1983 2120 nec

469 2181 576 2250 audet
598 2181 716 2250 dicere
739 2183 926 2250 veritatem
951 2191 989 2251 et
1013 2183 1155 2266 similia,
1185 2192 1222 2251 et
1249 2183 1313 2252 fiat
1342 2183 1657 2252 amachiamentum
1686 2187 1778 2254 sicut
1806 2188 1854 2254 ad
1884 2207 1981 2256 corn·

467 2340 611 2388 munem
636 2321 765 2408 legem.
824 2318 890 2387 Set
918 2319 1022 2388 aliter
1049 2330 1105 2389 est
1132 2322 1164 2388 si
1193 2331 1304 2390 testes
1339 2321 1527 2389 adduxerit
1562 2321 1647 2408 quia
1683 2334 1808 2392 contra
1843 2325 1981 2393 nullum

467 2465 596 2526 testem
620 2457 739 2545 excipi
763 2465 882 2544 potest
904 2475 971 2525 nec
1000 2457 1125 2544 repelli
1163 2459 1279 2539 debet,
1310 2459 1395 2525 dum
1428 2457 1502 2527 sint
1540 2458 1645 2527 liberi
1683 2460 1846 2530 homines
1886 2463 1982 2530 bone
2107 2537 2111 2546 ,

468 2594 573 2678 tame,
609 2605 647 2663 et
675 2595 745 2682 ipsi
773 2613 926 2662 vnacum
955 2613 1076 2663 eorum
1105 2593 1358 2662 adductoribus
1391 2593 1604 2664 sufficientes
1640 2596 1687 2664 ad
1722 2598 1979 2668 testimoniium

469 2741 507 2800 et
543 2731 830 2800 satisfaciendum
868 2732 964 2819 parti
1003 2741 1127 2800 contra
1167 2751 1273 2818 quem
1313 2741 1397 2798 sunt
1447 2733 1592 2802 adducti
1638 2733 1684 2801 de
1731 2735 1899 2823 dampnis
1945 2745 1985 2804 et

469 2868 638 2956 expensis
676 2868 708 2936 si
745 2869 972 2956 postmodum
1011 2869 1059 2937 ad
1092 2868 1205 2957 ipsius
1242 2869 1529 2954 prosecutionem
1566 2869 1665 2956 ipsos
1704 2889 1784 2938 ease
1824 2872 1984 2959 periuros

470 3005 633 3074 conuinci
673 3005 870 3094 continget,
907 3005 992 3074 licet
1026 3005 1094 3072 luit
1125 3015 1237 3094 pater,
1275 3005 1412 3088 fratres,
1450 3025 1588 3075 sorores
1621 3008 1679 3075 vel
1715 2983 1839 3075 affines
1871 3009 1985 3077 addu-

469 3141 595 3224 centis,
615 3152 901 3230 quantocumque
932 3142 1089 3229 propius,
1110 3151 1148 3210 et
1178 3143 1230 3210 sic
1265 3143 1312 3210 de
1346 3142 1428 3210 aliis
1465 3143 1688 3230 calumpniis.
1743 3146 1792 3214 Et
1825 3146 1863 3212 in
1897 3165 1985 3214 casu

470 3299 550 3348 cum
576 3279 796 3348 adducantur
819 3278 1021 3346 huiusmodi
1051 3287 1161 3346 testes
1188 3281 1273 3346 dum
1303 3298 1444 3365 semper
1471 3277 1544 3347 sint
1571 3279 1675 3348 liberi
1703 3291 1740 3348 et
1764 3283 1859 3349 bone
1887 3281 1982 3350 fame

469 3417 554 3485 licet
593 3435 666 3484 non
699 3416 773 3483 sint
805 3413 1019 3484 sufficientes
1052 3415 1091 3482 in
1133 3415 1247 3482 forma
1283 3416 1453 3500 predicta,
1488 3415 1552 3482 sed
1586 3415 1676 3484 forte
1706 3416 1768 3483 ille
1797 3417 1859 3505 qui
1885 3417 1987 3504 ipsos

472 3552 616 3622 adducit
640 3562 697 3620 est
726 3553 770 3620 de
799 3571 839 3619 ee
869 3551 949 3637 ipso
978 3549 1165 3632 sufficiens,
1195 3561 1233 3619 et
1259 3552 1459 3638 excipiamr
1489 3562 1613 3619 contra
1641 3552 1723 3621 illos
1751 3555 1847 3639 quod
1875 3563 1987 3622 testes

472 3707 551 3756 esse
582 3707 656 3756 non
685 3688 816 3756 debent
850 3705 916 3774 pro
949 3705 993 3754 eo
1023 3687 1118 3774 quod
1147 3706 1220 3753 non
1248 3697 1332 3754 sunt
1364 3685 1577 3754 sufficientes
1613 3687 1660 3754 ad
1696 3687 1987 3756 musfacimdum

471 3825 565 3912 parti
588 3825 619 3892 si
643 3827 689 3892 ad
710 3824 787 3892 eius
807 3823 1094 3911 prosecucionem
1116 3832 1156 3889 vt
1176 3823 1373 3910 predictum
1395 3831 1451 3890 est
1471 3823 1737 3905 conuincantur,
1759 3825 1985 3912 postmodum

472 3963 510 4031 in
541 3964 605 4032 illo
637 3963 841 4032 testimonio
873 3959 1004 4047 periuri
1035 3969 1072 4028 et
1107 3979 1191 4046 pars
1226 3959 1289 4046 qui
1319 3959 1401 4027 illos
1430 3969 1515 4025 tunc
1544 3959 1688 4027 adducit
1716 3959 1864 4046 replicet
1888 3961 1986 4046 quod

471 4101 549 4188 ipse
572 4102 651 4168 loco
677 4095 928 4166 insufficiencie
949 4097 1140 4164 eorundem
1162 4091 1416 4162 testimonium¹
1442 4092 1512 4182 (sic)
1535 4103 1707 4181 quantum
1725 4094 1772 4160 ad
1794 4094 1890 4162 bona
1907 4093 1988 4163 vult

472 4236 632 4305 inuenire
657 4234 882 4302 securitatem
904 4231 1009 4303 Curie
1029 4251 1095 4318 pro
1118 4232 1251 4298 eisdem
1274 4231 1305 4298 si
1329 4231 1585 4298 conuincantur
1607 4230 1833 4316 postmodum
1855 4231 1984 4299 admit-

472 4383 568 4442 tatur
588 4373 652 4442 illa
673 4370 845 4442 securitas
865 4380 902 4439 et
923 4368 1136 4449 irrotuletur,
1158 4377 1195 4435 et
1216 4368 1450 4435 admittantur
1470 4366 1525 4432 illi
1546 4375 1655 4435 testas
1672 4349 1737 4452 'per
1758 4367 1983 4440 mcurintem

471 4509 667 4598 predictam
696 4507 950 4576 insufficiencia
977 4505 1199 4593 propriorum
1228 4506 1401 4573 bonorum
1431 4523 1573 4571 suorum
1603 4523 1675 4570 non
1704 4504 1881 4572 obstante.
1936 4503 1987 4572 Et

472 4646 666 4714 secundum
699 4647 796 4731 quod
828 4643 1057 4731 probauerint
1091 4651 1260 4730 sequatur
1291 4652 1328 4709 et
1372 4651 1568 4728 exequatur
1606 4641 1756 4708 indilate
1800 4639 1980 4708 iudicium.

471 4781 590 4850 Causa
617 4801 727 4869 quare
755 4781 823 4848 sub
852 4779 960 4848 variis
988 4779 1111 4848 formis
1139 4781 1269 4846 dantur
1296 4778 1498 4866 calumpnie
1527 4778 1743 4847 iuratoribus
1765 4789 1802 4846 et
1832 4777 1987 4846 testibus

471 4919 613 5007 plenius
640 4928 740 5007 petet
768 4927 862 5004 post,
890 4916 1047 5002 capitulo
1076 4914 1143 4982 xx⁰
1171 4913 1212 4981 de
1238 4915 1398 4982 uldam.

1153 5086 1333 5154 naemu).
