5224 6596
835 769 933 860 libe
957 766 1218 860 ntntenen
1244 767 1372 858 Boot
1397 767 1448 857 ot
1478 767 1666 865 bustel.
1935 798 2003 872 197

498 985 690 1052 solidorum
734 993 771 1050 et
813 991 965 1070 quatuor
1005 980 1241 1062 denariorum,
1285 981 1356 1048 tria
1405 983 1507 1069 paria
1556 984 1845 1054 vestimentorum
1896 988 2008 1074 precii

407 1176 414 1190 .
497 1121 653 1208 quinque
681 1140 889 1202 marcarum,
919 1131 993 1188 tres
1021 1119 1149 1188 tuellas
1176 1139 1243 1208 pro
1267 1117 1395 1187 Altare
1423 1119 1533 1206 precii
1564 1139 1628 1188 sex
1664 1121 1867 1204 solidorum,
1898 1144 2006 1192 vnum

497 1256 758 1346 manutergium
786 1276 853 1345 pro
880 1255 1067 1338 lauatorio,
1097 1255 1207 1342 precii
1233 1256 1420 1325 duodecim
1445 1257 1682 1340 denariorum,
1712 1269 1749 1328 et
1776 1259 1848 1328 duo
1869 1271 2033 1328 cruens.

496 1397 542 1464 de
569 1405 693 1484 peutre
718 1415 783 1482 pro
811 1393 896 1462 vino
925 1403 963 1462 et
988 1413 1082 1479 aqua
1102 1391 1213 1482 precii
1243 1392 1428 1462 duodecim
1455 1393 1701 1472 denariorum
1735 1405 1772 1464 et
1803 1389 2007 1486 capellanis

496 1533 535 1599 in
563 1533 714 1600 ecclesia
742 1529 867 1600 Sancti
896 1529 1063 1598 Nicholai
1090 1531 1361 1612 celebrantibus,
1391 1551 1498 1598 vnam
1529 1529 1661 1599 cairam
1691 1552 1757 1620 pro
1787 1535 2006 1604 ornamentis

496 1669 704 1756 subscriptis
733 1667 967 1755 imponendis,
995 1667 1159 1735 videlicet
1187 1687 1296 1735 vnum
1318 1667 1462 1734 missale
1483 1668 1593 1754 precii
1614 1678 1767 1756 quatuor
1794 1690 2005 1752 marcamm,

495 1828 603 1876 vnum
641 1807 787 1874 calicem
824 1824 904 1872 cum
939 1805 1089 1872 cocleari
1122 1813 1291 1892 argenteo
1320 1815 1358 1873 et
1386 1805 1605 1888 deauratum,
1634 1806 1745 1894 precii
1773 1807 1904 1896 viginti
1941 1829 2007 1876 sex

496 1945 689 2014 solidorum
718 1953 755 2013 et
783 1953 864 2011 octo
892 1941 1127 2022 denariorum,
1149 1962 1258 2008 vnum
1281 1943 1463 2028 corporale
1488 1961 1568 2009 cum
1589 1945 1699 2011 bursa
1719 1944 1829 2031 precii
1851 1945 2007 2032 quinque

497 2081 700 2161 solidorum,
744 2079 814 2146 tria
856 2075 958 2164 paria
1000 2075 1291 2144 vestimentorum
1334 2075 1445 2162 precii
1488 2077 1644 2164 quinque
1684 2098 1893 2162 marcarum,
1935 2091 2007 2148 tres

497 2219 626 2286 tuellas
653 2237 720 2304 pro
748 2216 860 2284 altare
888 2213 998 2302 precii
1020 2233 1084 2282 sex
1105 2213 1308 2294 solidorum,
1332 2233 1440 2280 vnum
1462 2215 1723 2302 manutergium
1745 2235 1811 2303 pro
1832 2217 2008 2285 lauatorio

496 2355 605 2443 precii
634 2352 819 2422 duodecim
848 2350 1082 2431 denariorum,
1112 2358 1147 2416 et
1173 2351 1244 2416 duo
1273 2359 1409 2416 cruetta
1434 2352 1479 2417 de
1507 2361 1631 2438 peutre
1660 2371 1726 2438 pro
1747 2352 1832 2422 vino
1853 2363 1891 2421 et
1912 2375 2007 2441 aqua

496 2495 606 2584 precii
620 2493 804 2563 duodecim
819 2491 1053 2574 denariorum,
1075 2491 1113 2556 in
1135 2489 1291 2576 periculo
1314 2509 1434 2558 eorum
1457 2492 1559 2558 salua
1581 2501 1617 2559 et
1631 2491 1782 2561 honesta
1803 2495 2006 2562 custodiant

497 2653 561 2702 seu
589 2631 757 2702 custodiri
785 2627 928 2696 faciant.
973 2628 1023 2696 Et
1051 2627 1147 2715 quod
1176 2625 1326 2712 predicti
1356 2627 1543 2714 Capeliani
1570 2628 1730 2716 quolibet
1762 2650 1858 2698 anno
1894 2633 2006 2700 semel

496 2770 661 2838 videlicet
689 2769 727 2836 in
764 2766 918 2834 crastino
953 2763 1035 2832 festi
1072 2759 1198 2833 Sancti
1234 2762 1423 2832 Michaelis
1460 2765 1604 2832 venient
1640 2785 1759 2834 coram
1796 2767 1935 2854 Majore
1971 2779 2008 2835 et

497 2907 759 2978 Communitate
787 2904 872 2972 ville
900 2901 1081 2970 Bristoliie
1109 2911 1146 2968 et
1174 2901 1305 2968 faciem
1333 2901 1426 2968 sicut
1454 2902 1517 2969 alii
1547 2903 1734 2989 Capeliani
1765 2905 1927 2992 perpetui
1963 2907 2009 2972 de

497 3045 659 3132 predicta
694 3042 783 3111 villa
817 3039 953 3110 faciunt
989 3040 1183 3106 secundum
1218 3038 1509 3106 consuetudinem
1545 3039 1631 3108 ville
1663 3043 1831 3127 predicte.
1891 3041 1941 3110 Et
1977 3042 2009 3110 si

497 3183 578 3270 quis
605 3182 663 3249 vel
692 3180 754 3268 qui
782 3180 923 3248 illorum
953 3178 990 3244 in
1020 3175 1141 3263 aliquo
1170 3195 1256 3242 casu
1284 3175 1442 3264 predicte
1471 3177 1710 3246 ordinacionis
1738 3179 1947 3267 necgligens
1972 3190 2008 3248 et

452 3371 459 3388 .
497 3318 691 3388 defectiuus
743 3316 910 3383 inuentus
960 3311 1066 3379 merit
1116 3311 1242 3397 primo,
1294 3313 1449 3380 secundo
1500 3321 1536 3379 et
1587 3315 1709 3398 tercio,
1759 3335 1825 3402 per
1875 3315 2007 3384 dictttm

497 3456 696 3524 Robertum
747 3451 871 3540 Gyene
919 3451 1004 3516 dum
1047 3447 1177 3515 vixerit
1219 3458 1256 3515 et
1299 3458 1381 3534 post
1424 3457 1574 3518 mortem
1617 3449 1704 3517 dicti
1747 3450 1901 3519 Roberti
1944 3471 2009 3538 per

497 3591 670 3680 Maiorem
698 3588 784 3656 ville
812 3584 992 3655 Bristoliie
1021 3584 1083 3670 qui
1111 3602 1177 3671 pro
1206 3592 1364 3670 tempore
1395 3583 1511 3666 fuerit,
1540 3595 1727 3652 moneatur
1753 3606 1793 3654 se
1821 3587 2007 3677 corrigere,

496 3740 534 3798 et
573 3728 605 3796 si
644 3736 726 3813 post
766 3723 913 3792 terciam
952 3721 1187 3790 monicionem
1231 3719 1407 3808 corrigere
1451 3740 1491 3788 se
1535 3721 1687 3791 noluerit
1730 3733 1768 3790 et
1810 3743 1918 3792 causa
1961 3727 2009 3794 sit

497 3865 669 3936 canonica
714 3863 838 3932 statim
883 3861 961 3929 sine
1007 3859 1128 3945 aliqua
1174 3853 1460 3926 contradiccione
1500 3859 1631 3928 virtute
1670 3859 1783 3947 ipsius
1823 3861 2009 3930 indenture

498 4012 750 4072 ammoneatur.
808 3999 857 4068 Et
892 4018 957 4085 per
992 3997 1125 4064 dictum
1163 3993 1362 4063 Robertum
1400 3993 1524 4083 Gyene
1566 3998 1652 4064 dum
1695 3997 1826 4066 vixerit
1868 4009 1906 4066 et
1946 4021 2010 4086 per

496 4143 670 4232 Maiorem
713 4139 797 4208 ville
843 4135 1024 4204 Bristoliie
1064 4133 1126 4220 qui
1164 4153 1231 4220 pro
1269 4142 1429 4220 tempore
1468 4131 1574 4202 fuerit
1610 4143 1693 4220 post
1732 4144 1881 4203 mortem
1921 4137 2010 4210 dicti

496 4278 648 4348 Roberti
683 4277 776 4344 alius
811 4276 971 4364 ydoneus
1012 4272 1225 4358 Capelianus
1265 4273 1344 4339 loco
1385 4291 1449 4338 suo
1485 4280 1649 4356 ponatur.
1708 4270 1757 4338 Et
1799 4273 1846 4339 ad
1886 4275 2008 4342 omnia

495 4417 654 4506 predicta
681 4417 774 4484 bene
801 4421 838 4481 et
866 4409 1017 4478 fideliter
1044 4429 1109 4498 pro
1135 4429 1241 4497 posse
1265 4429 1387 4476 eorum
1410 4409 1635 4476 obseruanda
1657 4409 1834 4495 capellani
1857 4411 2008 4500 predicti

496 4570 681 4629 eteorum
711 4573 931 4624 successores
960 4551 1142 4639 corporale
1172 4553 1382 4638 prestabant
1419 4559 1692 4616 sacramentum.
1751 4549 1800 4616 Et
1835 4550 1873 4618 in
1911 4553 2012 4620 testi-

496 4687 654 4758 monium
687 4685 845 4754 omnium
882 4681 1134 4770 premissorum
1171 4679 1323 4747 fideliter
1358 4679 1660 4746 obsemandorum
1696 4687 1817 4766 partes
1854 4681 2013 4768 predicte

497 4825 618 4914 sigilla
656 4844 724 4892 sua
760 4819 963 4890 alternatim
998 4818 1070 4885 hiis
1106 4817 1305 4885 indenturis
1341 4815 1610 4904 quadripartitis
1647 4827 1899 4904 apposuerunt.
1964 4817 2013 4884 Et

496 4962 580 5050 quia
632 4959 752 5048 sigilla
804 4976 869 5024 sua
918 4955 1081 5044 pluribus
1127 4963 1212 5020 sunt
1254 4952 1441 5039 incognita
1485 4950 1643 5038 sigillum
1687 4949 1885 5037 Majoratus
1927 4952 2013 5020 ville

497 5099 678 5168 Bristoliie
707 5094 930 5183 presentibus
960 5091 1091 5177 apponi
1120 5099 1407 5178 procurauerunt.
1476 5086 1560 5154 Hiis
1592 5087 1744 5156 testibus
1772 5087 1937 5174 Johanne
1966 5089 2012 5156 de
