5342 6616
833 788 930 902 noe
953 807 1092 900 ntttte
1117 806 1215 897 tito
1239 805 1368 898 Boot
1394 805 1444 898 ot
1473 804 1662 897 iimmot

495 1027 552 1095 De
566 1035 768 1096 tenemento
790 1025 923 1093 ibidem
948 1026 1040 1093 inter
1062 1033 1299 1092 tenementum
1318 1021 1480 1090 Matildis
1501 1019 1655 1088 Wachet

581 1171 618 1230 et
632 1172 871 1231 tenementum
885 1161 1060 1246 Johannis
1073 1159 1195 1230 Turtle
1209 1161 1304 1246 quod
1317 1159 1498 1228 Walterus
1513 1159 1654 1227 Prentiz

496 1431 553 1501 De
588 1432 652 1502 illo
690 1442 896 1502 tenemento
934 1433 1065 1502 ibidem
1101 1435 1194 1502 inter
1229 1443 1467 1504 tenementum
1503 1435 1655 1504 Walteri

583 1571 724 1639 Prentiz
750 1581 787 1640 et
813 1581 1052 1640 tenementum
1076 1570 1251 1657 Stephani
1280 1573 1534 1641 Pollesworthe
1557 1571 1654 1659 quod

581 1707 603 1792 J
604 1709 763 1776 ohannes
776 1709 899 1777 Turtle
913 1709 1027 1777 tenuit
1078 1753 1656 1777 .....

496 1843 553 1912 De
567 1854 769 1913 tenemento
786 1845 917 1914 ibidem
939 1847 1031 1914 inter
1045 1855 1283 1914 tenementum
1296 1845 1470 1930 Johannis
1483 1845 1606 1913 Turtle
1619 1853 1656 1913 et

580 1980 756 2065 Johannis
776 1981 869 2050 Atte
890 1982 1005 2072 Weye
1024 1985 1121 2071 quod
1145 1981 1350 2071 Stephanus
1363 1985 1408 2052 de
1422 1983 1654 2052 Pollesworth

496 2251 554 2321 De
567 2263 770 2322 tenemento
792 2255 923 2324 ibidem
940 2257 1034 2326 inter
1053 2268 1294 2328 tenementum
1316 2259 1401 2326 dicti
1424 2259 1599 2346 Stephani
1619 2266 1656 2324 et

583 2401 823 2461 tenementum
861 2395 1036 2478 Johannis
1070 2397 1192 2464 Turtle
1227 2397 1322 2483 quod
1360 2395 1542 2480 Johmnes
1566 2394 1654 2462 Atte

582 2527 698 2616 Weye
711 2530 826 2597 tenuit

497 2663 554 2732 De
575 2665 638 2732 illo
652 2675 854 2735 tenemento
875 2669 1007 2736 ibidem
1027 2667 1121 2737 inter
1133 2679 1371 2738 tenementum
1385 2669 1559 2754 Johannis
1567 2669 1656 2736 Atto

464 2821 467 2828 ·
583 2805 699 2894 Weye
727 2814 764 2872 et
787 2815 1026 2875 tenementum
1048 2807 1185 2896 Rogeri
1206 2809 1252 2877 de
1275 2811 1539 2896 Wynterbourn
1560 2797 1656 2896 quod

582 2940 765 3025 Iohannes
779 2943 900 3012 Turtle
913 2946 1028 3014 tenuit
1078 2991 1654 3014 .....

497 3077 554 3146 De
568 3087 771 3148 tenemento
790 3081 922 3149 ibidem
937 3083 1029 3151 inter
1042 3094 1280 3154 tenementum
1293 3086 1468 3171 Johannis
1481 3087 1603 3153 Turtle
1616 3094 1654 3153 et

583 3225 823 3286 tenementum
836 3219 1012 3303 Johannis
1025 3223 1070 3290 de
1084 3223 1331 3290 Bodecoumbe
1356 3270 1366 3289 .
1498 3271 1507 3288 .
1641 3271 1649 3288 .

498 3354 556 3421 De
569 3364 772 3425 tenemento
793 3357 925 3427 ibidem
945 3360 1039 3428 inter
1059 3359 1298 3429 tenementum
1320 3360 1458 3448 Rogeri
1476 3362 1521 3427 de
1539 3360 1654 3447 wyn-

585 3491 752 3558 terbourn
767 3501 804 3560 et
819 3504 1058 3563 tenementum
1070 3497 1243 3564 WdleImi
1257 3497 1398 3564 Bakare
1412 3497 1566 3583 pelitarii
1639 3541 1648 3560 .

498 3602 555 3694 De
579 3625 644 3697 iilo
665 3635 867 3696 tenemento
886 3629 1019 3699 ibidem
1044 3632 1137 3699 inter
1156 3639 1394 3699 tenementum
1414 3631 1587 3716 Johannis
1608 3634 1653 3698 de

584 3763 834 3832 Bodecoumbe
847 3775 885 3834 et
897 3778 1136 3836 tenementum
1148 3769 1322 3853 Johannis
1343 3769 1544 3856 Romeseye
1558 3769 1653 3856 quod

583 3900 788 3970 Willelmuo
802 3905 836 3970 ie
850 3867 991 3972 Bakare
1005 3887 1188 3994 pelitariua
1201 3905 1316 3973 tenuit
1360 3955 1368 3972 .
1501 3953 1510 3971 .
1644 3951 1652 3970 .

498 4035 555 4105 De
576 4048 779 4108 tenemento
802 4041 935 4109 ibidem
958 4043 1051 4111 inter
1073 4053 1311 4112 tenementum
1327 4037 1501 4127 Johannis
1520 4041 1654 4108 Rome-

585 4193 669 4264 seye
704 4185 742 4244 et
776 4186 1016 4245 tenementum
1043 4179 1217 4264 Johannis
1251 4180 1309 4248 De
1341 4179 1443 4244 Dene
1472 4175 1591 4242 clerici
1618 4183 1655 4242 et

583 4313 727 4398 Juliane
740 4316 861 4384 uxoria
875 4316 965 4384 eius¹
984 4319 1078 4403 quod
1092 4318 1294 4390 Wdlelmus
1316 4322 1448 4389 Rossel
1470 4319 1653 4408 pelitarius

1854 4457 1924 4546 iiju
1940 4460 1998 4528 ob.

351 4607 406 4674 ts.
497 4597 554 4666 De
567 4597 632 4666 iilo
645 4609 847 4668 tenemento
869 4601 908 4668 in
921 4601 1001 4670 vico
1018 4603 1064 4670 de
1078 4603 1280 4691 Redeclyve
1302 4603 1394 4671 inter
1414 4613 1654 4671 tenementum

582 4741 757 4809 Willelmi
781 4742 914 4811 Rossel
939 4745 1093 4831 peliterii
1121 4755 1158 4813 et
1185 4746 1326 4831 Juliane
1354 4747 1475 4814 uxoris
1503 4747 1592 4814 eius¹
1618 4755 1655 4814 et

583 4895 822 4954 tenementum
838 4887 1017 4975 Margerie
1030 4888 1326 4978 Wombstranges
1361 4940 1370 4958 .
1502 4939 1510 4958 .
1643 4940 1652 4958 .
1785 4890 1836 4978 ijs.
1852 4889 1923 4977 iijd.
1939 4891 1997 4959 ob.

530 5057 1026 5127 ²meeoevtumuyoonnmonuee.
1058 5061 1971 5132 mmmaeyeeoenueunnerpomeo1·e1uum·n.em‚··

947 5149 1551 5221 uumnmmgtmmtopmunm.
