5224 6596
638 835 711 907 228
981 828 1078 920 cte
1102 828 1242 919 little
1266 825 1363 917 Reb
1388 826 1516 917 Rodii
1543 825 1593 916 of
1616 827 1804 918 tonet

633 1050 671 1108 et
713 1049 827 1124 vasto,
862 1039 1092 1110 ioiisiaotuiis
1127 1052 1164 1110 et
1200 1042 1352 1110 murdris
1395 1040 1432 1106 iii
1472 1039 1750 1128 quibuscumque
1785 1040 1902 1110 Curiis
1937 1043 2069 1112 noctiis
2103 1054 2141 1113 et

633 1177 801 1246 heredum
831 1188 1041 1260 nostrorum,
1070 1197 1194 1246 omnes
1222 1178 1383 1246 homines
1411 1187 1449 1245 et
1470 1187 1632 1246 tenentes
1654 1180 1735 1248 illos
1756 1183 1993 1269 autaliquem
2018 1203 2140 1252 eorum

634 1324 708 1382 tam
737 1334 857 1382 coram
886 1315 991 1384 nobis
1018 1325 1056 1384 et
1083 1315 1273 1384 heredibus
1300 1315 1432 1382 nostrie
1462 1335 1570 1402 quem
1600 1335 1718 1384 coram
1747 1319 1852 1386 nobis
1879 1328 1918 1388 et
1951 1321 2140 1391 heredibus

633 1451 766 1520 nostris
799 1452 838 1518 iii
875 1451 1098 1521 cancellaria
1132 1462 1255 1522 nostra
1292 1463 1329 1520 et
1367 1452 1539 1522 heredum
1583 1463 1792 1538 nostronini,
1831 1475 1970 1525 necnon
2020 1478 2138 1528 corani

632 1585 867 1656 Theseurerio
895 1598 932 1657 et
959 1589 1161 1657 Batonibus
1189 1589 1319 1658 nostris
1354 1599 1391 1656 et
1428 1590 1598 1660 heredum
1634 1601 1833 1660 nostrorum
1868 1594 1914 1661 de
1950 1593 2137 1664 Sceccerio

633 1743 674 1792 ac
717 1743 836 1793 coram
872 1724 1084 1808 Justiciariis
1119 1725 1250 1794 nostris
1285 1737 1323 1795 et
1357 1729 1526 1795 heredum
1563 1738 1762 1796 nostrorum
1797 1728 2046 1800 itinerantibus
2088 1734 2136 1802 ed

632 1863 834 1930 communia
871 1864 1005 1950 placita
1043 1875 1080 1931 et
1117 1866 1163 1932 ad
1203 1865 1336 1952 placite
1374 1865 1515 1963 foreste,
1544 1874 1582 1933 et
1616 1865 1730 1933 eciam
1766 1885 1885 1934 coram
1923 1865 2135 1951 Justicieriis

631 1999 763 2067 nostris
801 2011 838 2068 et
876 2000 1045 2069 heredum
1085 2013 1283 2070 nostronini
1321 2003 1366 2070 de
1404 2001 1540 2084 Becco,
1580 2022 1623 2070 ac
1661 2001 1874 2087 Justiciariis
1923 2005 2055 2074 nostris
2097 2017 2135 2076 et

630 2137 798 2205 heredum
827 2145 1025 2206 nostrorum
1055 2139 1102 2205 ed
1124 2139 1256 2206 assism
1277 2139 1468 2226 capiendas
1489 2148 1526 2206 et
1547 2140 1673 2228 gaoles
1697 2140 1955 2224 deliberandas,
1977 2143 2133 2211 scotiam

631 2293 749 2342 coram
776 2273 989 2359 Justicieriis
1016 2275 1148 2344 nostris
1177 2285 1213 2343 et
1240 2276 1408 2344 heredum
1437 2285 1636 2344 nostrorum
1665 2277 1712 2344 ed
1747 2275 1906 2360 ielonies,
1936 2287 2135 2366 beneme-

480 2452 488 2467 ·
533 2451 540 2467 ·
630 2409 749 2479 siones
776 2420 813 2478 et
841 2410 1029 2480 malefacte
1056 2413 1233 2480 audienda
1259 2421 1296 2480 et
1318 2413 1550 2495 terminanda,
1573 2422 1610 2482 et
1631 2415 1678 2482 ed
1698 2413 1908 2500 inquirenda
1929 2415 2134 2504 assignetis,

633 2548 788 2616 eoeciam
814 2569 932 2618 coram
962 2547 1170 2618 Senascallo
1198 2560 1235 2618 et
1263 2548 1476 2619 Marescello
1505 2571 1548 2618 ec
1583 2551 1800 2620 coronatore
1834 2550 1987 2638 hospicii
2022 2555 2134 2622 nostri

631 2699 667 2757 et
701 2690 870 2757 heredum
906 2699 1104 2758 nostrorum
1141 2709 1185 2758 ac
1219 2689 1356 2759 Clerico
1392 2690 1438 2756 de
1473 2698 1639 2771 mercato,
1678 2708 1722 2757 ac
1753 2687 1866 2756 eciem
1899 2709 2020 2756 coram
2054 2663 2136 2758 aliis

628 2827 840 2911 Justicieriis
875 2837 912 2895 et
950 2827 1122 2896 ministris
1165 2828 1296 2896 nostris
1331 2837 1369 2896 et
1403 2828 1574 2896 heredum
1610 2835 1809 2894 nostrorum
1845 2825 2134 2914 quibuscumque,

630 2963 730 3047 fines,
759 2965 1024 3052 redempciones
1052 2964 1167 3033 facere
1195 2965 1253 3034 vel
1282 2965 1478 3046 amerciari,
1507 2973 1570 3030 aut
1597 2963 1799 3051 hujusmodi
1827 2963 1955 3046 erinis,
1991 2965 2135 3032 murdre

630 3118 692 3168 seu
734 3099 984 3182 forisfacturas,
1029 3121 1172 3182 annum,
1216 3101 1311 3167 diem
1354 3110 1391 3168 et
1433 3111 1575 3168 vastum
1620 3100 1814 3189 adjudicari
1864 3102 1923 3168 vel
1973 3099 2135 3170 forisfieii

627 3237 827 3326 contigerit,
882 3238 972 3306 odeo
1021 3237 1126 3324 plene
1169 3249 1206 3307 et
1248 3238 1386 3326 integre
1429 3239 1521 3306 sicut
1570 3258 1615 3314 ee
1664 3239 1875 3307 hebetemus
1924 3237 1957 3305 si
1999 3237 2132 3320 villam,

628 3375 845 3457 comitatum,
915 3374 1084 3444 suburbia
1150 3394 1193 3442 ac
1257 3373 1370 3457 hodo,
1437 3384 1549 3444 terras
1601 3386 1638 3444 et
1695 3383 1899 3444 tenemento
1959 3383 1996 3443 et
2054 3375 2134 3442 loca

627 3512 787 3600 predicta
840 3513 878 3579 iri
936 3532 1045 3580 manu
1091 3521 1213 3580 nostra
1264 3512 1541 3594 retinuimus,
1592 3511 1650 3580 Ita
1700 3513 1793 3599 quod
1851 3511 1960 3580 iidem
2016 3510 2135 3598 Major

627 3660 664 3718 et
706 3650 952 3719 communitas
993 3649 1151 3736 ejusdem
1187 3649 1272 3716 ville
1315 3649 1496 3717 Bristollie
1537 3659 1576 3717 et
1613 3669 1833 3718 successores
1875 3649 1941 3731 sui,
1985 3649 2136 3718 durante

626 3789 777 3856 termino
834 3788 1004 3875 predicto,
1061 3807 1126 3874 per
1182 3807 1309 3854 manus
1365 3787 1583 3855 vicecomitis
1626 3787 1815 3855 comitebus
1873 3785 2033 3873 predicti,
2076 3787 2135 3854 vel

626 3925 838 3994 balliuonim
883 3933 920 3992 et
963 3923 1203 3992 ministrorum
1246 3943 1389 3992 suorum
1432 3922 1532 4005 fines,
1576 3923 1841 4010 redempciones
1883 3932 1921 3991 et
1963 3924 2133 3993 amercia-

625 4069 747 4130 niente
773 4061 944 4148 predicta,
975 4081 1018 4130 ec
1046 4060 1162 4129 exime
1190 4059 1389 4130 forisfactos
1415 4061 1455 4126 in
1488 4059 1602 4128 fornic
1633 4060 1803 4149 predicte,
1839 4069 1876 4130 et
1911 4061 2032 4129 omnia
2063 4079 2133 4148 que

626 4199 673 4266 ad
701 4217 768 4267 nos
796 4210 833 4266 et
861 4199 975 4267 dictos
1002 4200 1149 4266 heredes
1177 4207 1318 4265 nostros
1353 4197 1391 4263 in
1426 4197 1540 4264 forme
1571 4197 1730 4284 predIcta
1765 4198 1940 4284 pertinere
1974 4197 2130 4284 poterint

627 4337 673 4404 de
702 4355 806 4420 enno,
836 4337 894 4406 die
922 4346 959 4404 et
991 4347 1103 4421 vesto,
1140 4336 1371 4406 forisfacturis
1400 4349 1436 4405 et
1468 4337 1631 4417 murdris,
1666 4336 1713 4402 de
1748 4345 1785 4402 et
1819 4334 1859 4402 iii
1893 4332 1999 4402 dictis
2034 4333 2132 4412 villa.

627 4473 808 4558 comitatu,
838 4475 1016 4544 suburbiis
1045 4495 1088 4542 ac
1114 4475 1239 4559 feodis,
1271 4475 1385 4557 terris,
1414 4473 1626 4544 tenementis
1661 4483 1698 4540 et
1729 4472 1817 4539 locis
1852 4469 2031 4559 predictis,
2067 4489 2132 4556 per

627 4617 806 4677 abacos
841 4611 1009 4678 cormorii
1044 4613 1156 4680 nostri
1191 4620 1228 4680 et
1260 4612 1429 4680 heredum
1464 4618 1674 4690 nostrorum.
1711 4605 1854 4675 balliuis
1890 4614 1927 4673 et
1962 4601 2134 4670 ministris
2200 4658 2202 4662 ,

628 4747 819 4814 eorundem
848 4747 997 4834 Maioris
1024 4757 1061 4816 et
1089 4747 1362 4817 communitatis
1391 4757 1427 4815 et
1459 4763 1700 4814 successorum
1736 4761 1878 4810 suorum
1913 4757 1979 4826 per
2005 4757 2133 4806 manus

630 4883 847 4954 vicecomitis
883 4885 1072 4954 comitatus
1117 4886 1298 4954 Bristcllie
1344 4895 1381 4953 et
1420 4902 1661 4952 successorum
1705 4897 1848 4948 suorum
1887 4871 2132 4942 vicecomitum

630 5021 789 5107 eiusdem
818 5021 1007 5090 comitatus
1034 5041 1100 5110 pro
1129 5031 1287 5108 tempore
1314 5021 1542 5090 existentium
1574 5019 1613 5086 iii
1645 5036 1794 5104 quorum
1829 5011 1984 5093 balliuis,
2020 5009 2133 5094 feoda,

630 5169 734 5239 terre,
774 5167 979 5226 tenemento
1021 5166 1059 5226 et
1104 5160 1184 5226 loca
1229 5157 1389 5244 predicta
1431 5157 1589 5226 existunt
1631 5154 1716 5222 inde
1757 5150 1961 5220 liberandos
2003 5149 2133 5226 leum-
