5224 6596
856 823 953 917 Ebc
975 822 1115 916 little
1138 824 1237 917 lieb
1265 828 1393 920 iloolt
1417 829 1468 918 dl
1498 829 1685 920 trutot
1953 857 2021 932 195

515 1039 743 1124 pertinenciis
770 1039 940 1127 predictis
963 1039 1100 1108 nome
1135 1041 1295 1110 Bourton
1330 1053 1368 1111 et
1398 1043 1554 1128 Johanni
1582 1041 1788 1124 Wodeford,
1816 1045 2023 1131 capellanis,

515 1193 706 1264 eorumque
741 1176 1003 1246 successoribus
1038 1177 1233 1264 capellanis
1269 1179 1393 1247 diuina
1434 1179 1472 1246 in
1508 1179 1606 1247 dicta
1646 1179 1796 1248 ecclesia
1836 1179 1875 1248 in
1911 1179 2025 1248 forma

514 1313 674 1399 predicta
703 1313 961 1402 imperpetuum
989 1313 1251 1384 celebrantibus
1271 1326 1396 1386 contm
1416 1338 1541 1388 omnes
1562 1329 1689 1406 gentes
1715 1317 2024 1386 warantizabimus

515 1459 552 1517 et
580 1449 808 1519 defendemus
836 1451 1106 1538 imperpetuum.
1150 1449 1195 1518 In
1223 1453 1325 1540 cujus
1352 1452 1404 1521 rei
1432 1453 1675 1522 testimonium
1703 1453 1766 1522 vni
1794 1455 1889 1542 parti
1917 1455 2023 1542 hujus

516 1585 703 1656 indentnre
745 1587 927 1656 indentate
963 1607 1074 1674 penes
1110 1586 1226 1656 dictos
1269 1591 1475 1676 capellanos
1511 1590 1708 1658 remanenti
1743 1589 1865 1678 sigilla
1900 1601 2024 1658 nostra

516 1723 756 1809 apposuimus.
799 1725 917 1792 Alteri
944 1744 1029 1793 vero
1056 1725 1151 1812 parti
1187 1743 1298 1808 penes
1332 1723 1507 1811 Maiorem
1538 1732 1576 1791 et
1612 1721 1909 1792 communitatem
1938 1725 2023 1791 ville

514 1859 696 1928 Bristollie
742 1863 939 1931 remanenti
974 1862 1124 1949 predicti
1167 1861 1353 1948 Capellani
1389 1881 1454 1947 pro
1490 1861 1543 1928 eis
1578 1869 1615 1927 et
1651 1859 1912 1930 successoribus
1948 1859 2023 1928 suis

514 1996 635 2086 sigilla
674 2017 740 2064 sua
775 2007 1026 2085 apposuerunt.
1085 1997 1133 2066 Et
1161 1997 1202 2066 in
1236 1999 1407 2084 majorem
1444 1996 1668 2065 securitatem
1706 2007 1743 2064 et
1779 1997 2023 2066 testimonium

514 2133 671 2202 omnium
701 2135 952 2220 premissorum
981 2135 1028 2202 ad
1056 2133 1269 2204 instanciam
1298 2135 1457 2222 parcium
1477 2135 1715 2221 predictorum
1737 2133 1895 2222 sigillum
1916 2131 2023 2202 officii

514 2269 708 2356 majoratus
735 2271 821 2339 ville
849 2271 1032 2340 Brlstoilie
1059 2273 1284 2360 presentibus
1311 2283 1369 2341 est
1396 2283 1604 2360 appensum.
1670 2270 1805 2337 Datum
1842 2269 2023 2336 Brlstollie

514 2407 683 2476 noaino
718 2417 846 2494 quarto
873 2410 933 2477 dle
962 2409 1095 2478 mensis
1123 2409 1228 2512 Maii,¹
1255 2428 1351 2476 anno
1379 2408 1515 2476 domini
1543 2407 1736 2476 Miliesimo
1766 2415 1865 2475 coc*
1891 2409 2018 2474 lxxx*

516 2545 652 2632 quinto,
674 2555 712 2614 et
733 2565 829 2616 anno
849 2547 953 2635 regni
974 2547 1090 2635 Regis
1112 2545 1260 2615 Ricardi
1282 2545 1429 2614 secundi
1449 2555 1532 2634 post
1552 2544 1793 2633 conquestum
1817 2548 1979 2634 septimo.
2004 2621 2009 2629 .

621 2909 957 2990 COMPOSICIO
1010 2909 1442 2988 CANTARIARUM
1483 2907 1792 2987 EBORARDI
1832 2908 1915 2985 LE

686 3059 693 3068 “
1116 3060 1427 3140 FRANCEYS.

645 3233 725 3306 Hec
752 3248 809 3306 est
836 3239 1017 3308 ordinacio
1044 3237 1140 3308 ficta
1168 3249 1206 3308 et
1234 3239 1494 3327 imperpetuum
1527 3236 1682 3304 tenenda
1711 3235 1803 3304 inter
1824 3235 2023 3304 Robertum
2048 3245 2191 3363 ‘w'
2213 3260 2253 3301 or

515 3371 640 3460 Gyene
667 3375 713 3442 de
741 3374 936 3462 Brystollia
963 3396 1029 3464 pro
1058 3385 1217 3462 ternpore
1245 3375 1319 3444 vite
1347 3393 1411 3442 sue
1439 3382 1477 3442 et
1509 3371 1683 3460 Majorem
1712 3370 1808 3438 dicte
1841 3371 1926 3439 ville
1961 3369 2023 3460 qui
2070 3321 2244 3430 hungri!

512 3531 577 3598 pro
620 3520 779 3599 tempore
820 3511 926 3579 fiterlt
966 3522 1050 3598 post
1091 3515 1275 3582 decessum
1311 3512 1398 3580 dicti
1435 3510 1587 3579 Roberti
1629 3531 1676 3577 ex
1718 3517 1821 3596 parte
1862 3529 1944 3593 vna,
1985 3520 2023 3579 et

512 3641 695 3711 dominum
725 3643 925 3728 Jobannem
961 3643 1147 3726 Coumber,
1184 3649 1368 3717 dominum
1402 3649 1603 3734 Johannem
1639 3647 1800 3728 Boulers,
1839 3647 2023 3716 dominum

430 3795 435 3806 ·
512 3778 708 3848 Ricardum
738 3779 886 3850 Marche
906 3791 943 3850 et
964 3781 1147 3851 dominum
1168 3783 1390 3853 willelmum
1411 3782 1584 3873 symona.
1606 3792 1796 3871 perpetuos
1818 3785 2023 3870 capellanos

510 3917 686 3986 Eborardl
714 3919 750 3985 le
776 3919 966 4008 Franoeys,
996 3928 1034 3988 et
1062 3939 1282 3990 successores
1314 3941 1446 4002 comm,
1483 3939 1531 3988 ex
1566 3918 1689 3998 altera,
1724 3915 1891 3984 videlicet
1925 3917 2022 4004 quod

510 4059 659 4145 predicti
698 4061 864 4130 dominus
902 4061 1085 4146 Johannes
1128 4059 1305 4130 Coumber
1346 4071 1384 4128 et
1426 4055 1593 4126 dominus
1641 4054 1824 4140 Iohannes
1860 4053 2020 4131 Boulers.

510 4197 707 4284 Capeliani,
735 4209 773 4267 et
801 4218 923 4267 eornm
952 4217 1174 4267 successores
1202 4199 1241 4265 in
1265 4195 1418 4266 ecclesia
1449 4191 1576 4262 Sancti
1612 4189 1788 4272 Nicholal,
1826 4189 2020 4296 Bristollie,

455 4393 458 4400 A
509 4333 674 4402 dominus
710 4335 888 4404 Ricardus
925 4333 1073 4402 Marche
1107 4344 1145 4403 et
1180 4333 1346 4402 dominus
1381 4331 1586 4400 Wdlelmus
1621 4327 1793 4416 Symond,
1831 4327 2018 4414 Capeliani

507 4471 667 4556 predicti,
693 4481 730 4540 et
757 4491 879 4540 eorum
906 4489 1127 4538 successores
1153 4469 1191 4538 in
1221 4471 1359 4555 capella
1387 4471 1493 4538 beate
1522 4465 1637 4534 Maris
1661 4465 1708 4532 de
1734 4464 1773 4531 la
1802 4462 2018 4551 Redeclyue,

463 4617 468 4622 '
506 4599 630 4675 diuina
656 4608 809 4695 singuiis
836 4608 962 4678 diebus
990 4607 1061 4676 nisi
1088 4607 1209 4676 valida
1237 4617 1276 4676 et
1310 4605 1432 4696 grauis
1468 4602 1656 4671 infirmitas
1692 4599 1750 4666 vel
1788 4599 2017 4668 racionabilis

507 4763 701 4813 causaeos
730 4750 971 4830 excusatpro
1001 4753 1157 4830 paoeet
1186 4753 1283 4812 statu
1308 4735 2019 4825 EdwardiDeigraciailiustrisRegis

506 4879 653 4968 Anglie,
689 4880 841 4947 Francia
883 4891 921 4946 et
957 4879 1092 4947 domini
1129 4879 1324 4955 Hibernie;
1369 4887 1407 4946 et
1446 4897 1512 4963 pro
1548 4873 1736 4942 animabus
1771 4871 1946 4940 Eborardl
1982 4874 2017 4940 le

506 5017 686 5105 Franoeys
717 5027 755 5084 et
785 5015 948 5101 Johanne
982 5016 1104 5085 vxorls
1140 5037 1213 5098 sue,
1250 5027 1287 5084 et
1322 5015 1498 5084 Eborardl
1534 5013 1673 5095 Poulet,
1709 5020 1746 5078 et
1783 5031 1848 5098 pro
1882 5011 2016 5078 salubri

506 5162 602 5220 statu
631 5150 782 5220 Roberti
811 5150 934 5240 Gyene
962 5163 1000 5220 et
1027 5151 1189 5222 isabella
1208 5153 1355 5222 Toriton
1378 5155 1464 5223 dum
1491 5152 1645 5221 vixerint
1666 5160 1704 5218 et
1728 5169 1795 5237 pro
1826 5148 2014 5217 animabus
