5294 6592
801 782 899 874 libe
922 783 1061 874 little
1086 784 1184 875 lleb
1209 784 1340 876 Boot
1364 785 1414 876 ot
1444 784 1631 875 tlttstol
1921 812 1969 887 59

459 1008 546 1087 DE
585 1011 818 1090 PLEGIIS
855 1014 943 1093 AD
996 1015 1482 1110 PROSEQUENDUM
1524 1014 1611 1090 ET
1651 1015 1973 1094 PRECEPTIS

902 1166 990 1244 AD
1038 1165 1523 1242 ATTACHIANDUM

590 1337 710 1406 Adam
734 1339 894 1407 Bernard
922 1350 1097 1408 mercator
1124 1341 1217 1422 lane,
1247 1317 1430 1427 draperius
1458 1341 1516 1406 vel
1546 1341 1802 1427 lyndreperius,
1831 1342 1889 1410 vel
1918 1341 1971 1409 sic

460 1485 633 1543 mercator
655 1477 827 1558 lanarum,
852 1497 1032 1562 equorum,
1056 1479 1210 1560 bouerie,
1237 1476 1414 1558 Carnifex,
1440 1477 1624 1563 piscarius,
1650 1478 1765 1563 pistor
1788 1477 1900 1546 etsie
1923 1479 1970 1547 de

460 1611 552 1692 aliis,
566 1613 625 1679 die
638 1614 722 1680 lune
735 1635 762 1681 x
775 1615 834 1680 die
846 1613 930 1700 Julij
947 1635 1066 1683 coram
1080 1616 1286 1683 vicecomite
1301 1616 1332 1682 si
1346 1615 1394 1681 sit
1408 1615 1447 1681 in
1461 1615 1621 1696 London,
1643 1623 1680 1681 et
1705 1615 1738 1682 si
1760 1613 1808 1682 sit
1828 1615 1866 1681 in
1881 1614 1969 1682 ieris

460 1767 579 1816 eorarn
594 1751 789 1818 senescallo
802 1750 898 1832 ferie,
914 1752 972 1818 vel
987 1772 1105 1819 coram
1119 1754 1301 1839 preposito
1321 1753 1467 1821 mercati
1488 1754 1520 1840 si
1534 1753 1582 1820 sit
1596 1756 1634 1820 in
1648 1756 1763 1841 burgo
1775 1756 1834 1822 vel
1848 1773 1967 1823 eoram

459 1887 600 1958 maiore
621 1896 658 1954 et
685 1888 830 1955 balliuis
857 1889 890 1955 si
919 1889 966 1956 sit
999 1889 1037 1955 in
1066 1889 1231 1972 Ciuitate,
1263 1891 1301 1957 in
1330 1891 1515 1976 presencia
1539 1891 1713 1957 Bernardi
1742 1890 1903 1959 Clement
1931 1900 1970 1958 et

460 2023 654 2092 Clementis
676 2025 828 2112 Dyonys
850 2035 887 2094 et
910 2026 1048 2094 inuenit
1072 2027 1222 2114 plegios.
1277 2027 1319 2096 Si
1340 2029 1389 2095 sit
1411 2028 1613 2094 Bernartius
1627 2027 1709 2094 Ade
1722 2037 1760 2095 et
1774 2027 1969 2115 Dyonisius

460 2160 631 2242 Clement,
676 2162 792 2241 Ciues,
837 2173 1058 2243 mercatores,
1104 2164 1312 2251 burgenses,
1357 2185 1420 2232 seu
1466 2163 1529 2230 alii
1571 2163 1734 2232 homines
1777 2163 1823 2230 de
1865 2162 1969 2232 feodo

458 2300 715 2386 distringibiles
744 2301 836 2368 inira
863 2303 1002 2368 bundas
1027 2301 1124 2368 illius
1160 2303 1306 2368 mercati
1334 2321 1458 2368 versus
1493 2299 1695 2367 Dionisium
1729 2299 1889 2366 Bemard
1923 2299 1969 2367 de

457 2437 590 2522 placito
605 2437 699 2522 quod
713 2439 838 2504 reddat
852 2438 885 2502 ei
900 2458 951 2502 xx
962 2437 998 2504 li.
1011 2457 1100 2522 quas
1111 2439 1145 2505 ei
1156 2439 1262 2506 debet
1276 2447 1313 2504 et
1327 2439 1457 2504 iniuste
1473 2437 1609 2504 detinet
1622 2446 1662 2502 vt
1676 2435 1773 2503 dicit.
1818 2435 1867 2502 Et
1882 2433 1968 2503 Ideo

457 2583 661 2659 preceptum
676 2573 741 2640 fuit
754 2575 934 2661 preposito
948 2575 1005 2642 vel
1022 2575 1103 2641 aliis
1117 2575 1260 2641 balliuis
1276 2575 1371 2660 quod
1392 2581 1565 2660 ponerent
1579 2589 1643 2658 per
1654 2571 1763 2639 vadia
1786 2580 1823 2638 et
1847 2573 1968 2638 saluos

460 2711 599 2798 plegios
626 2711 823 2796 predictum
852 2711 1054 2778 Dionisium
1085 2712 1180 2798 quod
1208 2720 1304 2779 esset
1332 2729 1452 2778 coram
1484 2709 1700 2789 vicecomite,
1737 2708 1880 2774 ballivis
1910 2710 1968 2776 vel

460 2846 655 2912 senescallo
684 2845 769 2913 ferie
798 2847 836 2911 in
859 2846 1032 2928 tolbotba,
1057 2847 1116 2913 vel
1141 2847 1179 2912 in
1205 2847 1305 2933 gilda
1329 2847 1412 2913 nula
1436 2845 1495 2912 vel
1520 2844 1559 2912 in
1583 2844 1759 2933 Chepyng
1780 2845 1891 2912 botba
1910 2845 1968 2914 die

459 2983 583 3048 martis
604 2981 765 3067 proxime
786 2983 948 3066 sequenti
971 2983 1017 3048 ad
1043 2983 1327 3069 respondendum
1351 2982 1511 3067 predicto
1536 2981 1618 3050 Ade
1642 2981 1688 3048 de
1712 2982 1845 3066 placito
1874 2982 1970 3068 quod

457 3119 583 3185 reddat
603 3119 638 3185 ei
657 3139 710 3186 xx
726 3119 763 3186 li.
783 3115 853 3189 eto.
899 3121 947 3186 Et
969 3120 1151 3187 sciendum
1173 3120 1269 3207 quod
1290 3128 1495 3207 preceptum
1518 3117 1689 3186 directum
1704 3118 1846 3185 ballivis
1861 3117 1969 3186 debet

458 3254 510 3320 sic
523 3251 870 3342 beris-Preceptum
891 3266 947 3323 est
969 3256 1112 3323 balliuis
1135 3254 1220 3322 ferie
1246 3255 1322 3322 siue
1343 3255 1523 3341 preposito
1544 3253 1690 3322 mercati
1712 3253 1808 3340 quod
1828 3263 1967 3338 ponant

458 3411 523 3476 per
543 3391 649 3459 vadia
670 3401 706 3458 et
728 3393 848 3460 saluos
869 3393 1009 3480 plegios
1034 3392 1236 3461 Dionisium
1262 3391 1422 3459 Bernard
1444 3391 1539 3477 quod
1562 3391 1610 3458 sit
1632 3408 1752 3457 coram
1771 3389 1967 3457 senescallo

458 3526 543 3594 ferie
567 3527 625 3594 vel
647 3529 793 3596 mercati
815 3530 883 3595 hac
908 3527 1056 3595 instanti
1082 3528 1140 3594 die
1165 3527 1290 3596 martis
1315 3528 1353 3594 in
1378 3527 1413 3593 le
1437 3525 1591 3592 Mothall
1612 3525 1658 3590 ad
1680 3524 1966 3610 respondendum

458 3663 540 3730 Ade
561 3664 721 3733 Bernerd
743 3665 928 3731 mercatori
953 3665 999 3732 de
1021 3664 1154 3750 placito
1179 3665 1275 3749 quod
1296 3663 1422 3730 reddat
1442 3661 1476 3730 ei
1495 3681 1548 3728 xx
1567 3662 1604 3728 li.
1627 3681 1718 3748 quas
1741 3660 1775 3727 ei
1800 3661 1907 3728 debet
1931 3670 1968 3728 et

458 3799 588 3868 iniuste
609 3800 744 3869 detinet
763 3812 804 3868 vt
823 3801 921 3882 dicit,
944 3811 980 3868 et
1000 3800 1158 3868 babeant
1179 3800 1229 3866 ibi
1243 3799 1390 3866 nomina
1403 3797 1602 3885 plegiorum
1617 3806 1653 3864 ot
1667 3799 1735 3865 boc
1749 3803 1966 3882 preceptum.

600 4099 687 4177 DE
734 4098 993 4176 ESSONIIS
1039 4098 1127 4196 ΕΖ
1166 4097 1389 4177 IUDICIO
1438 4092 1816 4176 ESSONIORUM.

588 4275 708 4342 Adam
722 4274 882 4341 Bernard
896 4283 1069 4341 mercator
1082 4293 1205 4340 versus
1219 4273 1432 4361 Dyonisium
1448 4271 1608 4340 Bernard
1623 4270 1668 4338 de
1689 4269 1821 4357 placito
1842 4265 1965 4348 debiti,

459 4434 524 4500 per
535 4414 655 4481 Adam
671 4412 842 4480 Clement
886 4412 935 4480 Et
948 4412 1288 4498 quando-essonium
1306 4411 1395 4476 illud
1416 4411 1522 4477 debet
1541 4407 1736 4475 adiudicari
1761 4405 1968 4474 obseruetur

458 4550 496 4618 in
519 4551 708 4618 iudicando
723 4552 783 4617 lex
796 4549 993 4618 communis
1005 4550 1043 4616 in
1058 4549 1221 4616 omnibus
1235 4549 1287 4615 ita
1301 4547 1465 4615 videlicet
1477 4545 1639 4613 videatur
1653 4542 1966 4612 attachiamenmm

459 4709 522 4756 seu
535 4691 680 4776 querela
691 4689 770 4756 loco
784 4689 912 4768 breuis,
928 4698 964 4754 et
978 4697 1064 4755 tunc
1077 4688 1192 4774 primo
1206 4687 1301 4774 quod
1316 4685 1461 4753 nomina
1475 4693 1512 4751 et
1526 4681 1741 4772 cognomina
1754 4679 1968 4747 concordent

458 4838 497 4894 et
517 4829 610 4913 quod
634 4836 729 4894 recte
754 4827 903 4894 iactetur
925 4835 1049 4893 contra
1067 4825 1289 4904 demandam,
1304 4834 1344 4890 vt
1358 4824 1390 4890 si
1405 4823 1581 4889 demanda
1595 4821 1642 4887 sit
1655 4819 1701 4886 de
1724 4817 1844 4885 debito
1870 4814 1966 4903 quod

458 4965 636 5032 essonium
659 4963 706 5032 sit
731 4964 861 5044 debito,
883 4973 920 5030 et
945 4964 998 5030 sic
1022 4963 1067 5031 de
1082 4963 1182 5038 aliis;
1204 4971 1241 5031 et
1266 4962 1299 5028 si
1323 4961 1547 5039 concordent,
1571 4968 1658 5024 tuno
1678 4955 1839 5023 videatur
1861 4953 1893 5020 si
1919 4951 1967 5018 sit

458 5121 609 5189 querens
643 5102 702 5169 vel
729 5099 921 5168 defendens
949 5099 1011 5167 ille
1038 5099 1100 5187 qui
1128 5109 1184 5168 est
1211 5097 1421 5179 essonictus,
1458 5106 1494 5163 et
1529 5103 1682 5181 ponatur
1716 5111 1868 5179 querens
1902 5089 1962 5156 vel
