5224 6596
589 838 659 927 156
922 830 1021 922 ube
1043 829 1183 922 little
1208 830 1306 920 neo
1331 829 1460 921 Roob
1485 831 1535 919 of
1560 829 1753 927 ‚brutos

582 1053 619 1110 et
648 1043 908 1112 successoribus
938 1045 1012 1112 suis
1042 1066 1065 1111 a
1093 1044 1183 1112 festo
1213 1042 1339 1112 Sancti
1368 1043 1556 1111 Michaelis
1583 1044 1805 1134 Archangeli
1825 1058 1910 1116 tunc
1930 1051 2093 1136 proxime

581 1181 749 1265 preterito
778 1200 890 1266 usque
916 1182 963 1248 ad
991 1179 1098 1247 finem
1126 1180 1312 1246 duodecim
1335 1197 1508 1245 annorum
1529 1187 1660 1256 extunc
1681 1181 1843 1266 proxime
1865 1182 2092 1266 sequencium

582 1327 619 1383 et
647 1317 806 1404 plenarie
835 1318 1135 1404 complendorum,
1165 1315 1365 1384 Reddendo
1390 1315 1474 1383 inde
1495 1316 1679 1383 annuatim
1701 1315 1839 1403 prefato
1861 1336 1974 1403 nuper
1995 1317 2092 1405 Regi

581 1463 723 1522 eentum
766 1455 877 1522 libras
916 1455 964 1522 ad
1003 1455 1174 1522 terminos
1210 1454 1347 1520 Pasche
1386 1461 1422 1520 et
1463 1451 1588 1520 Sancti
1624 1453 1812 1521 Michaelis
1848 1473 1912 1540 per
1946 1455 2090 1540 equales

582 1591 778 1675 porciones,
816 1612 859 1661 ac
895 1592 1130 1658 reversionem
1159 1592 1244 1659 ville
1272 1592 1430 1680 predicte
1458 1611 1537 1658 cum
1566 1591 1732 1659 omnibus
1766 1591 1902 1678 shopis,
1931 1591 2093 1678 cotagiis,

582 1728 703 1809 caldis,
754 1727 865 1810 tostis,
922 1729 1094 1816 gordinis,
1138 1728 1363 1809 molendinis,
1399 1729 1550 1816 stagnis,
1590 1739 1678 1818 tyna
1721 1729 1839 1811 castri,
1884 1727 2092 1808 redditibus,

580 1866 795 1954 langabulis,
825 1868 1026 1950 theoloniis,
1056 1869 1209 1954 placitis,
1237 1868 1354 1949 curiis,
1391 1867 1499 1948 feriis,
1536 1866 1701 1934 mercatis
1737 1876 1774 1933 et
1809 1866 1976 1934 omnibus
2012 1867 2094 1932 aliis

581 2003 906 2088 Jurisdiccionibus,
937 2005 1251 2073 consuetudinibus
1279 2015 1316 2074 et
1344 2005 1573 2092 pertinenciis
1602 2003 1687 2071 ville
1714 2003 1872 2090 predicte
1903 2013 1939 2070 et
1968 2004 2092 2070 subur·

581 2139 721 2208 biorum
759 2142 917 2210 eiusdem
956 2162 1035 2210 cum
1073 2142 1302 2228 pertinenciis
1337 2153 1419 2230 post
1453 2143 1650 2230 predictum
1687 2142 1876 2211 terminum
1906 2143 2091 2210 duodecim

581 2297 755 2346 annorum
797 2299 879 2348 cum
918 2281 1095 2348 acciderit.
1155 2279 1372 2350 Habendum
1410 2291 1447 2348 et
1485 2281 1677 2348 tenendum
1716 2281 1820 2347 nobis
1857 2281 1896 2346 in
1934 2281 2091 2348 valorem

580 2417 776 2501 predictum
813 2435 964 2485 unacum
1000 2419 1199 2488 reversione
1234 2420 1393 2487 omnium
1429 2428 1600 2486 terrarum
1629 2427 1667 2486 et
1695 2425 1976 2486 tenementorum
1999 2415 2091 2484 inira

579 2554 799 2638 procinctum
827 2555 912 2623 ville
947 2557 1104 2642 predicte
1140 2576 1439 2644 quorumcumque
1474 2557 1676 2624 tenencium
1713 2557 1760 2624 ad
1795 2555 1985 2622 terminum
2017 2554 2090 2621 vite

579 2691 637 2758 vel
681 2711 854 2760 annorum
897 2713 961 2779 per
1001 2693 1178 2780 prefatum
1233 2695 1415 2762 dominum
1466 2714 1583 2762 meum
1635 2693 1776 2780 Regem
1821 2711 1886 2760 seu
1935 2692 2090 2778 aliquem

578 2829 845 2916 progenitorum
878 2849 1022 2898 suorum
1060 2833 1239 2916 quondam
1275 2831 1419 2918 Regum
1457 2830 1592 2917 Anglie
1627 2829 1685 2896 vel
1721 2829 1812 2896 alios
1847 2843 2087 2914 quoscumque

579 2983 825 3032 concessorum
867 2966 926 3034 vel
968 2967 1247 3048 commissorum,
1300 2968 1396 3034 unde
1447 2965 1599 3034 reversio
1644 2966 1690 3032 ad
1734 2966 1885 3031 eundem
1929 2973 2087 3032 metuen-

579 3099 763 3169 dissimum
793 3103 975 3170 dominum
1005 3123 1121 3171 meum
1152 3103 1292 3191 Regem
1322 3113 1480 3190 tempore
1503 3103 1607 3169 istius
1635 3099 1875 3170 concessionis
1900 3108 2088 3168 reverteret

578 3255 729 3304 vnacum
758 3236 870 3306 firmis
897 3239 1094 3308 redditibus
1123 3240 1207 3306 inde
1235 3239 1423 3308 reservatis
1450 3248 1556 3326 prout
1585 3239 1623 3304 in
1646 3237 1776 3306 litteris
1798 3237 1966 3322 predictis
1988 3236 2090 3302 nobis

576 3376 660 3446 inde
701 3375 805 3446 factis
847 3377 988 3463 plenius
1023 3378 1233 3446 continetur.
1291 3379 1348 3444 Ac
1384 3397 1451 3444 nos
1486 3377 1616 3444 virtute
1653 3375 1893 3444 concessionis
1928 3373 2084 3460 predicte

575 3513 772 3600 predictam
809 3514 931 3582 villam
968 3515 1148 3583 Brlstollie
1184 3534 1335 3583 vnacum
1371 3514 1492 3598 muris,
1530 3514 1643 3600 portis
1678 3522 1715 3580 et
1751 3511 1895 3580 fossatis
1930 3509 2088 3577 eiusdem

447 3715 448 3720 ,
577 3649 662 3717 ville
701 3660 738 3718 et
778 3650 1024 3718 suburbiorum
1063 3651 1221 3718 eiusdem
1261 3671 1412 3718 vnacum
1451 3651 1615 3719 omnibus
1648 3649 1763 3717 eidem
1799 3646 2088 3716 metuendissimo

577 3785 722 3854 domino
760 3805 839 3854 meo
877 3785 970 3854 infra
1007 3788 1228 3874 procinctum
1264 3797 1301 3854 et
1337 3797 1451 3854 metas
1487 3787 1646 3854 eiusdem
1684 3785 1769 3852 ville
1806 3803 1947 3869 quoquo
1984 3782 2090 3851 modo

576 3923 835 4010 pertinentibus
892 3923 969 3991 siue
1027 3925 1271 4009 spectantibus
1328 3924 1500 3992 hactenus
1536 3944 1559 3991 a
1610 3933 1768 4010 tempore
1819 3921 2088 3992 concessionum

575 4063 811 4148 predictarum
842 4063 1058 4147 optinuimus
1088 4073 1125 4130 et
1149 4064 1351 4149 optinemus
1379 4065 1416 4130 in
1446 4065 1613 4150 presenti.
1657 4065 1714 4130 Ac
1735 4065 1962 4149 postmodum
1991 4063 2085 4129 idem

576 4200 888 4267 metuendissimus
912 4200 1077 4268 dominus
1098 4221 1199 4268 meus
1220 4201 1305 4268 Rex
1325 4201 1502 4288 petaliae
1525 4202 1663 4270 litteras
1684 4221 1770 4269 suas
1792 4210 1959 4288 patentes
1978 4201 2090 4268 vices·

576 4335 649 4402 imo
678 4346 780 4403 sexto
810 4336 869 4403 die
896 4336 992 4422 Junij
1023 4357 1119 4405 anno
1146 4338 1249 4424 regni
1279 4339 1336 4405 sui
1364 4347 1491 4425 quarto
1524 4339 1630 4406 nobis
1665 4337 1840 4406 consessit
1875 4357 1941 4424 pro
1978 4355 2017 4402 se
2052 4345 2089 4402 et

577 4472 765 4540 heredibus
795 4473 869 4539 suis
898 4474 993 4558 quod
1023 4493 1089 4541 nos
1119 4475 1166 4540 ad
1193 4483 1307 4543 totam
1336 4475 1447 4542 vitam
1478 4483 1637 4542 nostram
1675 4475 1872 4540 habeamus
1902 4471 2085 4538 libertates

575 4618 614 4678 et
626 4600 814 4696 privilegia
835 4610 1035 4696 subscripta
1057 4611 1095 4678 in
1117 4611 1282 4679 omnibus
1310 4621 1347 4680 et
1373 4611 1524 4700 singulis
1548 4610 1685 4691 castris,
1707 4609 1886 4690 dominiis,
1908 4605 2087 4686 maneriis,
2147 4687 2148 4692 Ἰ

575 4731 681 4828 villis,
719 4746 832 4828 terris,
868 4759 905 4816 et
941 4749 1162 4830 tenementis,
1200 4769 1339 4818 necnon
1375 4751 1413 4816 in
1449 4747 1601 4838 singulis
1638 4748 1719 4814 aliis
1755 4747 1844 4814 locis
1881 4745 1985 4813 nobis
2020 4762 2084 4831 per

576 4883 695 4968 ipsum
722 4884 1050 4952 metuendissimum
1080 4886 1261 4954 dominum
1290 4907 1410 4954 meum
1439 4885 1579 4972 Regem
1608 4885 1647 4952 in
1676 4885 1795 4952 dotem
1825 4904 1888 4953 seu
1918 4881 2008 4951 alias
2038 4883 2085 4950 ad

577 5020 766 5088 terminum
790 5013 864 5089 vite
891 5032 1013 5089 nostre
1042 5022 1246 5110 assignatis,
1276 5042 1319 5090 ac
1347 5023 1386 5089 in
1415 5023 1504 5090 locis
1531 5022 1594 5090 ubi
1623 5042 1741 5089 annue
1769 5020 1868 5088 firme
1897 5019 2002 5087 nobis
2023 5039 2088 5106 per

578 5157 695 5242 ipsum
725 5157 1053 5228 metuendissimum
1080 5161 1264 5228 dominum
1292 5180 1410 5230 meum
1441 5161 1580 5249 Regem
1609 5159 1648 5228 in
1678 5161 1798 5227 dotem
1828 5177 1892 5226 seu
1921 5157 2013 5226 alias
2041 5156 2088 5224 ad
