5224 6596
858 859 954 952 Ebc
978 860 1116 951 little
1140 861 1238 952 lieo
1264 859 1394 952 Book
1419 860 1470 949 of
1500 858 1688 949 bustel
1955 883 2020 955 ¹91

520 1092 563 1140 ec
590 1073 749 1142 omnium
784 1073 942 1142 fidelium
979 1073 1242 1153 defunctorum
1297 1094 1342 1141 ac
1378 1073 1491 1142 eciam
1530 1073 1603 1140 alia
1640 1090 1750 1139 onera
1788 1068 1950 1137 iacienda
1989 1079 2027 1138 ct

480 1207 486 1219 '
518 1211 741 1278 obseruanda
766 1211 872 1297 juxta
900 1210 1163 1279 ordinacionem
1186 1221 1345 1278 nostram
1367 1211 1614 1296 subscriptam,
1636 1207 1801 1276 videlicet
1822 1207 1917 1292 quod
1938 1205 2026 1273 dIcti

518 1344 675 1413 lbomas
703 1345 839 1415 Burton
867 1355 904 1416 et
931 1346 1114 1431 Jobannes
1141 1345 1346 1428 wodeford,
1376 1347 1562 1435 capellani,
1592 1355 1630 1414 et
1657 1364 1778 1414 eorum
1806 1363 2025 1412 successores

517 1485 694 1569 capellani
733 1487 883 1552 reddant
921 1495 958 1552 et
996 1486 1138 1554 soluant
1174 1485 1273 1554 omni
1313 1503 1409 1551 anno
1445 1483 1703 1570 imperpetuum
1740 1480 2025 1567 procuratoribus

517 1621 665 1688 ecclesie
701 1618 827 1689 Sancti
868 1621 1014 1704 rhome,
1051 1622 1242 1702 Brlstollie,
1283 1621 1345 1710 qui
1389 1640 1455 1705 pro
1492 1629 1650 1707 tempore
1686 1615 1826 1696 inerim,
1868 1617 2024 1702 quinque

516 1755 626 1824 libras
654 1766 692 1825 et
720 1757 875 1846 quinque
903 1757 1037 1827 solidos
1065 1760 1315 1846 sterlingorum
1346 1757 1392 1824 ad
1413 1765 1565 1843 quatuor
1586 1754 1671 1822 anni
1692 1753 1862 1821 terminos
1882 1752 2024 1821 usuales

515 1901 555 1958 vt
605 1892 700 1960 idem
743 1903 986 1980 procuratores
1028 1893 1172 1977 iaciant,
1216 1901 1362 1963 teneant
1406 1901 1442 1959 et
1486 1900 1685 1958 sustentent
1723 1889 1875 1976 singulis
1919 1888 2024 1956 annis

516 2026 774 2116 imperpetuum
804 2031 841 2096 in
871 2031 996 2098 eadem
1018 2033 1168 2100 ecclesia
1189 2030 1471 2098 anniuersarium
1492 2025 1722 2113 solempniter
1742 2026 1829 2093 dicti
1849 2025 2025 2108 Johannis

450 2157 460 2170 '
516 2161 639 2248 Stoice,
664 2167 934 2248 Alicie,1solds
961 2179 999 2236 et
1026 2169 1190 2252 Johanne
1218 2187 1367 2236 vrorum
1389 2167 1476 2252 ejus,
1498 2165 1662 2232 videlicet
1682 2162 1850 2230 vicesimo
1872 2161 2024 2248 septimo

515 2299 574 2368 die
602 2301 736 2369 mensis
760 2301 861 2384 Maii,
883 2323 954 2390 quo
983 2303 1041 2371 die
1068 2303 1218 2390 predicti
1246 2314 1490 2388 promotores
1519 2301 1617 2368 omni
1646 2318 1741 2367 anno
1765 2299 2023 2384 imperpetuum

515 2439 656 2506 soluent
684 2438 815 2526 Maiori
843 2440 927 2507 ville
956 2440 1137 2508 Brlstollie
1166 2459 1231 2508 sex
1252 2440 1385 2507 solidos
1414 2449 1450 2506 et
1472 2447 1553 2506 octo
1576 2437 1739 2504 denarios
1761 2437 2022 2522 sterlingorum,

515 2573 750 2641 Recordatori
807 2577 901 2644 dicte
951 2575 1036 2644 ville
1090 2577 1328 2663 quadraginta
1393 2575 1568 2655 denarios,
1634 2571 1821 2642 Communi
1887 2571 2023 2640 Clerioo

512 2710 597 2776 ville
653 2711 811 2796 predicte
867 2713 998 2800 viginti
1062 2713 1237 2794 denarios,
1292 2722 1329 2781 st
1384 2712 1529 2780 cuilibet
1581 2719 1733 2798 quatuor
1789 2707 2023 2776 seruiencium

513 2846 659 2931 maioris
723 2867 788 2915 sex
852 2849 1027 2930 denarios,
1086 2849 1145 2916 Ita
1201 2851 1298 2937 quod
1355 2848 1473 2934 Major
1530 2859 1568 2915 et
1623 2847 1740 2915 dictus
1803 2845 2025 2913 Recordator

513 2984 778 3071 presencialiter
812 2985 977 3054 intersint
1012 2985 1120 3054 misse
1153 2985 1328 3072 solempni
1364 2986 1410 3051 de
1445 2983 1586 3070 Requie
1622 2983 1661 3048 in
1695 2983 1754 3050 die
1791 2979 2024 3048 anniuersarii

513 3122 600 3189 dicti
620 3121 796 3207 Iohannis
816 3120 929 3192 Stoke
949 3133 986 3190 et
1008 3123 1258 3210 supervideant
1280 3123 1377 3207 quod
1402 3121 1524 3190 omnia
1549 3129 1716 3189 contenta
1737 3121 1775 3195 in
1796 3117 2023 3186 ordinacione

514 3268 635 3326 nostra
663 3260 768 3345 plene
796 3269 833 3327 et
861 3258 1013 3329 fideliter
1041 3261 1119 3328 sine
1155 3259 1278 3328 fraude
1316 3243 1390 3328 sint
1425 3261 1624 3346 completas
1657 3269 1693 3326 et
1732 3258 1765 3326 si
1804 3257 1922 3342 Major
1961 3274 2024 3324 seu

513 3393 589 3476 ejus
626 3392 743 3459 locum
788 3402 915 3461 tenens
949 3405 986 3462 et
1023 3396 1245 3463 Recordator
1279 3407 1465 3482 presentes
1501 3414 1573 3462 non
1616 3392 1747 3462 fuerint
1788 3395 1953 3462 volumus
1987 3403 2025 3459 et

513 3531 716 3598 ordinamus
743 3530 839 3615 quod
867 3531 977 3598 nichil
1005 3531 1214 3616 percipiant
1259 3529 1410 3599 Soluant
1439 3531 1552 3598 sciam
1580 3532 1626 3597 de
1654 3529 1813 3615 predicta
1848 3527 2020 3613 peccunia

514 3665 669 3752 quinque
683 3666 854 3733 librarum
875 3675 912 3734 et
933 3665 1091 3752 quinque
1112 3666 1304 3734 solidorum
1326 3666 1414 3734 dicti
1435 3675 1680 3752 procuratores
1700 3667 1763 3753 qui
1784 3685 1850 3751 pro
1864 3675 2023 3752 tempore

513 3797 644 3866 fuerint
663 3799 793 3886 viginti
814 3809 967 3884 quatuor
986 3802 1182 3888 capellanis
1203 3821 1268 3888 per
1288 3803 1459 3869 vicarium
1482 3801 1527 3869 de
1552 3801 1768 3888 Redeclyve,
1794 3811 1831 3867 et
1855 3821 2021 3886 procura-

513 3945 609 4004 tores
629 3937 724 4004 dicte
744 3937 892 4005 ecclesie
914 3936 1039 4006 Sancti
1060 3938 1197 4006 Thoms
1217 3939 1265 4006 ad
1293 3937 1389 4006 diem
1418 3937 1505 4006 dicti
1533 3935 1766 4006 anniuersarii
1790 3936 1928 4004 vocatis
1955 3955 2021 4023 pro

514 4075 624 4141 missa
652 4077 697 4144 de
723 4074 871 4162 Requis
886 4085 924 4143 st
946 4075 1107 4162 exequiis
1135 4076 1379 4162 solempnibus
1407 4095 1487 4143 cum
1517 4085 1682 4143 neumate
1703 4073 1964 4142 celebrantibus
1984 4084 2021 4140 et

514 4210 815 4296 intermeantibus,
830 4211 975 4281 cuilibet
993 4232 1115 4282 eorum
1134 4223 1286 4301 quatuor
1309 4214 1484 4292 denarios,
1504 4223 1541 4282 et
1562 4213 1658 4280 dicto
1681 4212 1815 4279 vicet-io
1835 4209 2020 4278 duodecim

514 4349 679 4416 denmios
729 4349 761 4417 si
807 4369 954 4435 presens
1004 4349 1110 4417 luerit
1148 4351 1186 4418 in
1229 4351 1391 4438 exequiis
1433 4361 1470 4418 et
1513 4351 1624 4418 missa
1663 4351 1709 4416 de
1748 4348 1889 4436 Requie
1933 4347 2020 4414 dicti

514 4485 757 4568 ωῑιιειεαιῑῑ,
786 4495 822 4554 et
850 4485 954 4556 auter
982 4445 1192 4556 niciensi
1234 4488 1403 4555 sornam
1460 4485 1759 4556 senensem
1799 4487 1924 4554 eodem
1961 4485 2019 4552 ne

513 4623 627 4691 tribus
669 4622 806 4692 clericis
848 4623 942 4692 dicte
985 4625 1133 4692 ecclesie
1174 4623 1308 4694 ibidem
1352 4625 1585 4712 personaliter
1626 4623 1918 4691 intersecantibus
1953 4641 2018 4708 pro

512 4760 638 4830 dassia
686 4759 882 4847 pulsandis,
932 4760 1077 4830 cuilibet
1126 4781 1258 4843 oomni,
1315 4763 1501 4830 duodecim
1561 4761 1735 4844 denarios,
1785 4771 1823 4828 et
1880 4760 2018 4828 duobus

511 4895 730 4964 Bedmmms
758 4897 853 4965 circa
879 4896 1001 4966 villam
1027 4898 1184 4967 Brlstoll.
1212 4899 1272 4967 die
1307 4899 1539 4967 anniuersarii
1575 4898 1661 4968 dicti
1695 4897 1870 4982 Jobannis
1904 4896 2016 4965 Stolre

511 5033 822 5118 proclamantibus,
851 5035 996 5104 cuilibet
1024 5055 1155 5118 somn,
1185 5046 1336 5122 quatuor
1360 5039 1534 5120 decades,
1557 5048 1593 5105 et
1614 5047 1756 5106 centum
1789 5035 2016 5122 pauperibus,

512 5161 657 5229 cuilibet
698 5181 830 5244 eorum,
866 5163 964 5232 omni
1000 5133 1095 5234 anno
1136 5165 1392 5254 imperpetuum
1431 5167 1539 5236 misse
1578 5167 1869 5234 interessentibus
1907 5185 2016 5233 vnum
