<?xml version="1.0" encoding="UTF-8"?>
<!DOCTYPE html PUBLIC "-//W3C//DTD XHTML 1.0 Transitional//EN"
    "http://www.w3.org/TR/xhtml1/DTD/xhtml1-transitional.dtd">
<html xmlns="http://www.w3.org/1999/xhtml" xml:lang="en" lang="en">
 <head>
  <title>
</title>
<meta http-equiv="Content-Type" content="text/html;charset=utf-8" />
  <meta name='ocr-system' content='tesseract 3.04.00' />
  <meta name='ocr-capabilities' content='ocr_page ocr_carea ocr_par ocr_line ocrx_word'/>
</head>
<body>
  <div class='ocr_page' id='page_1' title='image "./littleredbookbr02enggoog_0138.png"; bbox 0 0 5294 6592; ppageno 0'>
   <div class='ocr_carea' id='block_1_1' title="bbox 859 749 2025 851">
    <p class='ocr_par' dir='ltr' id='par_1_1' title="bbox 859 749 2025 851">
     <span class='ocr_line' id='line_1_1' title="bbox 859 749 2025 851; baseline 0.006 -7"><span class='ocrx_word' id='word_1_1' title='bbox 859 753 957 844; x_wconf 77' lang='lat' dir='ltr'>libe</span> <span class='ocrx_word' id='word_1_2' title='bbox 980 753 1395 846; x_wconf 74' lang='lat' dir='ltr'>littlclleoltoolr</span> <span class='ocrx_word' id='word_1_3' title='bbox 1421 753 1471 842; x_wconf 81' lang='lat' dir='ltr'>ol</span> <span class='ocrx_word' id='word_1_4' title='bbox 1501 749 1688 844; x_wconf 73' lang='lat' dir='ltr'>annot</span> <span class='ocrx_word' id='word_1_5' title='bbox 1976 777 2025 851; x_wconf 83' lang='lat'>79</span> 
     </span>
    </p>
   </div>
   <div class='ocr_carea' id='block_1_2' title="bbox 520 965 2026 1056">
    <p class='ocr_par' dir='ltr' id='par_1_2' title="bbox 520 965 2026 1056">
     <span class='ocr_line' id='line_1_2' title="bbox 520 965 2026 1056; baseline 0.001 -24"><span class='ocrx_word' id='word_1_6' title='bbox 520 965 788 1052; x_wconf 83' lang='lat' dir='ltr'>inquisicionem</span> <span class='ocrx_word' id='word_1_7' title='bbox 817 969 973 1049; x_wconf 88' lang='lat' dir='ltr'>mercati,</span> <span class='ocrx_word' id='word_1_8' title='bbox 1003 970 1088 1056; x_wconf 90' lang='lat' dir='ltr'>quia</span> <span class='ocrx_word' id='word_1_9' title='bbox 1112 979 1231 1056; x_wconf 90' lang='lat' dir='ltr'>partes</span> <span class='ocrx_word' id='word_1_10' title='bbox 1254 968 1486 1036; x_wconf 88' lang='lat' dir='ltr'>consenciunt</span> <span class='ocrx_word' id='word_1_11' title='bbox 1512 967 1551 1034; x_wconf 91' lang='lat' dir='ltr'>in</span> <span class='ocrx_word' id='word_1_12' title='bbox 1579 966 1781 1034; x_wconf 89' lang='lat' dir='ltr'>huiusmodi</span> <span class='ocrx_word' id='word_1_13' title='bbox 1810 965 1934 1034; x_wconf 88' lang='lat' dir='ltr'>iuratis</span> <span class='ocrx_word' id='word_1_14' title='bbox 1962 985 2026 1034; x_wconf 83' lang='lat' dir='ltr'>seu</span> 
     </span>
    </p>
   </div>
   <div class='ocr_carea' id='block_1_3' title="bbox 520 1083 2026 1191">
    <p class='ocr_par' dir='ltr' id='par_1_3' title="bbox 520 1083 2026 1191">
     <span class='ocr_line' id='line_1_3' title="bbox 520 1083 2026 1191; baseline 0.003 -25"><span class='ocrx_word' id='word_1_15' title='bbox 520 1098 822 1187; x_wconf 86' lang='lat' dir='ltr'>inquisicionibus,</span> <span class='ocrx_word' id='word_1_16' title='bbox 851 1113 888 1170; x_wconf 87' lang='lat' dir='ltr'>et</span> <span class='ocrx_word' id='word_1_17' title='bbox 926 1105 1061 1172; x_wconf 88' lang='lat' dir='ltr'>habent</span> <span class='ocrx_word' id='word_1_18' title='bbox 1099 1106 1242 1172; x_wconf 87' lang='lat' dir='ltr'>easdem</span> <span class='ocrx_word' id='word_1_19' title='bbox 1277 1103 1498 1191; x_wconf 78' lang='lat' dir='ltr'>calumpnias</span> <span class='ocrx_word' id='word_1_20' title='bbox 1527 1111 1650 1170; x_wconf 89' lang='lat' dir='ltr'>contra</span> <span class='ocrx_word' id='word_1_21' title='bbox 1682 1083 1894 1171; x_wconf 79' lang='lat' dir='ltr'>mercatores</span> <span class='ocrx_word' id='word_1_22' title='bbox 1925 1104 2026 1170; x_wconf 88' lang='lat' dir='ltr'>acsi</span> 
     </span>
    </p>
   </div>
   <div class='ocr_carea' id='block_1_4' title="bbox 518 1243 2027 1878">
    <p class='ocr_par' dir='ltr' id='par_1_4' title="bbox 518 1243 2027 1878">
     <span class='ocr_line' id='line_1_4' title="bbox 519 1243 2026 1332; baseline 0.003 -25"><span class='ocrx_word' id='word_1_23' title='bbox 519 1249 639 1308; x_wconf 90' lang='lat' dir='ltr'>essent</span> <span class='ocrx_word' id='word_1_24' title='bbox 667 1243 714 1307; x_wconf 90' lang='lat' dir='ltr'>ad</span> <span class='ocrx_word' id='word_1_25' title='bbox 742 1261 963 1312; x_wconf 88' lang='lat' dir='ltr'>communem</span> <span class='ocrx_word' id='word_1_26' title='bbox 992 1247 1109 1332; x_wconf 78' lang='lat' dir='ltr'>legem</span> <span class='ocrx_word' id='word_1_27' title='bbox 1137 1245 1281 1332; x_wconf 81' lang='lat' dir='ltr'>Anglie</span> <span class='ocrx_word' id='word_1_28' title='bbox 1327 1245 1392 1313; x_wconf 91' lang='lat' dir='ltr'>Set</span> <span class='ocrx_word' id='word_1_29' title='bbox 1420 1245 1458 1310; x_wconf 90' lang='lat' dir='ltr'>in</span> <span class='ocrx_word' id='word_1_30' title='bbox 1500 1262 1586 1310; x_wconf 86' lang='lat' dir='ltr'>casu</span> <span class='ocrx_word' id='word_1_31' title='bbox 1625 1262 1697 1329; x_wconf 89' lang='lat' dir='ltr'>quo</span> <span class='ocrx_word' id='word_1_32' title='bbox 1734 1245 1884 1331; x_wconf 88' lang='lat' dir='ltr'>probata</span> <span class='ocrx_word' id='word_1_33' title='bbox 1920 1243 2026 1312; x_wconf 74' lang='lat' dir='ltr'>merit</span> 
     </span>
     <span class='ocr_line' id='line_1_5' title="bbox 519 1378 2027 1468; baseline 0.003 -24"><span class='ocrx_word' id='word_1_34' title='bbox 519 1378 617 1444; x_wconf 88' lang='lat' dir='ltr'>accio</span> <span class='ocrx_word' id='word_1_35' title='bbox 659 1379 716 1445; x_wconf 89' lang='lat' dir='ltr'>vel</span> <span class='ocrx_word' id='word_1_36' title='bbox 754 1379 912 1446; x_wconf 81' lang='lat' dir='ltr'>defensio</span> <span class='ocrx_word' id='word_1_37' title='bbox 954 1383 1011 1448; x_wconf 86' lang='lat' dir='ltr'>vel</span> <span class='ocrx_word' id='word_1_38' title='bbox 1051 1401 1115 1468; x_wconf 89' lang='lat' dir='ltr'>per</span> <span class='ocrx_word' id='word_1_39' title='bbox 1154 1392 1287 1450; x_wconf 68' lang='lat' dir='ltr'>motam</span> <span class='ocrx_word' id='word_1_40' title='bbox 1316 1381 1556 1449; x_wconf 76' lang='lat' dir='ltr'>examinatam</span> <span class='ocrx_word' id='word_1_41' title='bbox 1595 1380 1633 1446; x_wconf 89' lang='lat' dir='ltr'>in</span> <span class='ocrx_word' id='word_1_42' title='bbox 1673 1391 1797 1467; x_wconf 88' lang='lat' dir='ltr'>aperta</span> <span class='ocrx_word' id='word_1_43' title='bbox 1841 1380 2027 1448; x_wconf 76' lang='lat' dir='ltr'>audiencia</span> 
     </span>
     <span class='ocr_line' id='line_1_6' title="bbox 518 1514 2027 1606; baseline 0.001 -24"><span class='ocrx_word' id='word_1_44' title='bbox 518 1514 632 1582; x_wconf 90' lang='lat' dir='ltr'>tocius</span> <span class='ocrx_word' id='word_1_45' title='bbox 657 1514 761 1584; x_wconf 85' lang='lat' dir='ltr'>Curis</span> <span class='ocrx_word' id='word_1_46' title='bbox 786 1537 855 1604; x_wconf 91' lang='lat' dir='ltr'>que</span> <span class='ocrx_word' id='word_1_47' title='bbox 879 1518 1101 1588; x_wconf 80' lang='lat' dir='ltr'>examinacio</span> <span class='ocrx_word' id='word_1_48' title='bbox 1130 1521 1235 1588; x_wconf 87' lang='lat' dir='ltr'>debet</span> <span class='ocrx_word' id='word_1_49' title='bbox 1262 1518 1339 1586; x_wconf 86' lang='lat' dir='ltr'>fieri</span> <span class='ocrx_word' id='word_1_50' title='bbox 1367 1518 1609 1606; x_wconf 80' lang='lat' dir='ltr'>principaliter</span> <span class='ocrx_word' id='word_1_51' title='bbox 1636 1537 1701 1606; x_wconf 88' lang='lat' dir='ltr'>per</span> <span class='ocrx_word' id='word_1_52' title='bbox 1728 1519 1961 1585; x_wconf 82' lang='lat' dir='ltr'>senescallum</span> <span class='ocrx_word' id='word_1_53' title='bbox 1989 1529 2027 1586; x_wconf 90' lang='lat' dir='ltr'>et</span> 
     </span>
     <span class='ocr_line' id='line_1_7' title="bbox 519 1650 2023 1742; baseline 0.005 -27"><span class='ocrx_word' id='word_1_54' title='bbox 519 1650 608 1716; x_wconf 89' lang='lat' dir='ltr'>duos</span> <span class='ocrx_word' id='word_1_55' title='bbox 648 1652 873 1720; x_wconf 89' lang='lat' dir='ltr'>discreciores</span> <span class='ocrx_word' id='word_1_56' title='bbox 913 1653 1070 1722; x_wconf 88' lang='lat' dir='ltr'>eiusdem</span> <span class='ocrx_word' id='word_1_57' title='bbox 1110 1655 1214 1724; x_wconf 87' lang='lat' dir='ltr'>Curio</span> <span class='ocrx_word' id='word_1_58' title='bbox 1253 1675 1318 1742; x_wconf 90' lang='lat' dir='ltr'>per</span> <span class='ocrx_word' id='word_1_59' title='bbox 1356 1656 1473 1742; x_wconf 85' lang='lat' dir='ltr'>ipsam</span> <span class='ocrx_word' id='word_1_60' title='bbox 1511 1653 1656 1722; x_wconf 88' lang='lat' dir='ltr'>Curiam</span> <span class='ocrx_word' id='word_1_61' title='bbox 1700 1655 1747 1722; x_wconf 86' lang='lat' dir='ltr'>ad</span> <span class='ocrx_word' id='word_1_62' title='bbox 1785 1654 1855 1721; x_wconf 87' lang='lat' dir='ltr'>hoc</span> <span class='ocrx_word' id='word_1_63' title='bbox 1881 1654 2023 1722; x_wconf 80' lang='lat' dir='ltr'>electos</span> 
     </span>
     <span class='ocr_line' id='line_1_8' title="bbox 520 1785 2027 1878; baseline 0.003 -25"><span class='ocrx_word' id='word_1_64' title='bbox 520 1785 696 1872; x_wconf 82' lang='lat' dir='ltr'>Queratur</span> <span class='ocrx_word' id='word_1_65' title='bbox 724 1810 747 1855; x_wconf 90' lang='lat' dir='ltr'>a</span> <span class='ocrx_word' id='word_1_66' title='bbox 775 1789 983 1858; x_wconf 85' lang='lat' dir='ltr'>defendente</span> <span class='ocrx_word' id='word_1_67' title='bbox 1024 1801 1214 1878; x_wconf 83' lang='lat' dir='ltr'>antequam</span> <span class='ocrx_word' id='word_1_68' title='bbox 1248 1793 1417 1861; x_wconf 88' lang='lat' dir='ltr'>iudicium</span> <span class='ocrx_word' id='word_1_69' title='bbox 1451 1793 1617 1860; x_wconf 87' lang='lat' dir='ltr'>reddatur</span> <span class='ocrx_word' id='word_1_70' title='bbox 1651 1789 1683 1858; x_wconf 89' lang='lat' dir='ltr'>si</span> <span class='ocrx_word' id='word_1_71' title='bbox 1718 1789 1854 1877; x_wconf 90' lang='lat' dir='ltr'>aliquid</span> <span class='ocrx_word' id='word_1_72' title='bbox 1887 1809 1953 1878; x_wconf 90' lang='lat' dir='ltr'>pro</span> <span class='ocrx_word' id='word_1_73' title='bbox 1986 1809 2027 1858; x_wconf 88' lang='lat' dir='ltr'>se</span> 
     </span>
    </p>
   </div>
   <div class='ocr_carea' id='block_1_5' title="bbox 386 1903 2028 2016">
    <p class='ocr_par' dir='ltr' id='par_1_5' title="bbox 386 1903 2028 2016">
     <span class='ocr_line' id='line_1_9' title="bbox 386 1903 2028 2016; baseline 0.003 -27"><span class='ocrx_word' id='word_1_74' title='bbox 386 1952 390 1962; x_wconf 92' lang='lat'><strong>·</strong></span> <span class='ocrx_word' id='word_1_75' title='bbox 521 1903 653 1991; x_wconf 80' lang='lat' dir='ltr'>habeat</span> <span class='ocrx_word' id='word_1_76' title='bbox 688 1928 745 1992; x_wconf 85' lang='lat' dir='ltr'>vel</span> <span class='ocrx_word' id='word_1_77' title='bbox 777 1927 894 1994; x_wconf 82' lang='lat' dir='ltr'>dicere</span> <span class='ocrx_word' id='word_1_78' title='bbox 922 1930 1012 1996; x_wconf 88' lang='lat' dir='ltr'>sciat</span> <span class='ocrx_word' id='word_1_79' title='bbox 1039 1949 1148 2015; x_wconf 88' lang='lat' dir='ltr'>quare</span> <span class='ocrx_word' id='word_1_80' title='bbox 1178 1930 1370 1997; x_wconf 89' lang='lat' dir='ltr'>secundum</span> <span class='ocrx_word' id='word_1_81' title='bbox 1401 1929 1632 2016; x_wconf 88' lang='lat' dir='ltr'>probaciones</span> <span class='ocrx_word' id='word_1_82' title='bbox 1660 1927 1742 1994; x_wconf 87' lang='lat' dir='ltr'>illas</span> <span class='ocrx_word' id='word_1_83' title='bbox 1776 1929 1823 1993; x_wconf 91' lang='lat' dir='ltr'>ad</span> <span class='ocrx_word' id='word_1_84' title='bbox 1860 1927 2028 1994; x_wconf 90' lang='lat' dir='ltr'>iudicium</span> 
     </span>
    </p>
   </div>
   <div class='ocr_carea' id='block_1_6' title="bbox 520 2062 2033 3250">
    <p class='ocr_par' dir='ltr' id='par_1_6' title="bbox 520 2062 2033 3250">
     <span class='ocr_line' id='line_1_10' title="bbox 524 2062 2030 2152; baseline 0.002 -25"><span class='ocrx_word' id='word_1_85' title='bbox 524 2062 668 2146; x_wconf 90' lang='lat' dir='ltr'>procedi</span> <span class='ocrx_word' id='word_1_86' title='bbox 706 2083 778 2128; x_wconf 89' lang='lat' dir='ltr'>non</span> <span class='ocrx_word' id='word_1_87' title='bbox 817 2065 956 2132; x_wconf 84' lang='lat' dir='ltr'>debeat</span> <span class='ocrx_word' id='word_1_88' title='bbox 1013 2065 1058 2133; x_wconf 92' lang='lat' dir='ltr'>In</span> <span class='ocrx_word' id='word_1_89' title='bbox 1087 2087 1158 2152; x_wconf 92' lang='lat' dir='ltr'>quo</span> <span class='ocrx_word' id='word_1_90' title='bbox 1187 2086 1272 2134; x_wconf 86' lang='lat' dir='ltr'>casu</span> <span class='ocrx_word' id='word_1_91' title='bbox 1301 2076 1356 2133; x_wconf 87' lang='lat' dir='ltr'>est</span> <span class='ocrx_word' id='word_1_92' title='bbox 1383 2067 1585 2133; x_wconf 90' lang='lat' dir='ltr'>ordinatum</span> <span class='ocrx_word' id='word_1_93' title='bbox 1613 2065 1708 2152; x_wconf 90' lang='lat' dir='ltr'>quod</span> <span class='ocrx_word' id='word_1_94' title='bbox 1738 2063 1930 2132; x_wconf 87' lang='lat' dir='ltr'>defendens</span> <span class='ocrx_word' id='word_1_95' title='bbox 1968 2063 2030 2131; x_wconf 90' lang='lat' dir='ltr'>ille</span> 
     </span>
     <span class='ocr_line' id='line_1_11' title="bbox 524 2199 2030 2288; baseline 0.001 -23"><span class='ocrx_word' id='word_1_96' title='bbox 524 2199 562 2264; x_wconf 91' lang='lat' dir='ltr'>in</span> <span class='ocrx_word' id='word_1_97' title='bbox 602 2219 668 2266; x_wconf 87' lang='lat' dir='ltr'>sua</span> <span class='ocrx_word' id='word_1_98' title='bbox 705 2201 849 2287; x_wconf 90' lang='lat' dir='ltr'>propria</span> <span class='ocrx_word' id='word_1_99' title='bbox 888 2223 1041 2288; x_wconf 88' lang='lat' dir='ltr'>persona</span> <span class='ocrx_word' id='word_1_100' title='bbox 1074 2213 1159 2270; x_wconf 80' lang='lat' dir='ltr'>trano</span> <span class='ocrx_word' id='word_1_101' title='bbox 1194 2204 1241 2270; x_wconf 90' lang='lat' dir='ltr'>sit</span> <span class='ocrx_word' id='word_1_102' title='bbox 1273 2203 1325 2271; x_wconf 91' lang='lat' dir='ltr'>ibi</span> <span class='ocrx_word' id='word_1_103' title='bbox 1353 2213 1390 2270; x_wconf 90' lang='lat' dir='ltr'>et</span> <span class='ocrx_word' id='word_1_104' title='bbox 1419 2201 1544 2270; x_wconf 87' lang='lat' dir='ltr'>offerat</span> <span class='ocrx_word' id='word_1_105' title='bbox 1572 2219 1612 2270; x_wconf 90' lang='lat' dir='ltr'>se</span> <span class='ocrx_word' id='word_1_106' title='bbox 1640 2211 1804 2288; x_wconf 87' lang='lat' dir='ltr'>paratum</span> <span class='ocrx_word' id='word_1_107' title='bbox 1833 2201 1880 2268; x_wconf 86' lang='lat' dir='ltr'>ad</span> <span class='ocrx_word' id='word_1_108' title='bbox 1911 2218 2030 2287; x_wconf 90' lang='lat' dir='ltr'>repro·</span> 
     </span>
     <span class='ocr_line' id='line_1_12' title="bbox 520 2341 2029 2429; baseline -0.003 -20"><span class='ocrx_word' id='word_1_109' title='bbox 520 2341 679 2409; x_wconf 87' lang='lat' dir='ltr'>bandum</span> <span class='ocrx_word' id='word_1_110' title='bbox 715 2350 752 2407; x_wconf 86' lang='lat' dir='ltr'>et</span> <span class='ocrx_word' id='word_1_111' title='bbox 796 2342 1075 2410; x_wconf 90' lang='lat' dir='ltr'>conuinoendum</span> <span class='ocrx_word' id='word_1_112' title='bbox 1118 2351 1321 2429; x_wconf 85' lang='lat' dir='ltr'>querentem</span> <span class='ocrx_word' id='word_1_113' title='bbox 1366 2359 1429 2408; x_wconf 91' lang='lat' dir='ltr'>seu</span> <span class='ocrx_word' id='word_1_114' title='bbox 1471 2347 1650 2426; x_wconf 87' lang='lat' dir='ltr'>petentem</span> <span class='ocrx_word' id='word_1_115' title='bbox 1692 2347 1730 2405; x_wconf 91' lang='lat' dir='ltr'>et</span> <span class='ocrx_word' id='word_1_116' title='bbox 1771 2347 1905 2406; x_wconf 61' lang='lat' dir='ltr'>mtam</span> <span class='ocrx_word' id='word_1_117' title='bbox 1949 2355 2029 2404; x_wconf 88' lang='lat' dir='ltr'>esse</span> 
     </span>
     <span class='ocr_line' id='line_1_13' title="bbox 521 2474 2028 2564; baseline -0.001 -21"><span class='ocrx_word' id='word_1_118' title='bbox 521 2477 680 2564; x_wconf 86' lang='lat' dir='ltr'>periuros</span> <span class='ocrx_word' id='word_1_119' title='bbox 708 2477 916 2545; x_wconf 84' lang='lat' dir='ltr'>admittatur</span> <span class='ocrx_word' id='word_1_120' title='bbox 944 2481 1011 2546; x_wconf 86' lang='lat' dir='ltr'>sub</span> <span class='ocrx_word' id='word_1_121' title='bbox 1039 2479 1111 2546; x_wconf 85' lang='lat' dir='ltr'>ista</span> <span class='ocrx_word' id='word_1_122' title='bbox 1137 2477 1438 2546; x_wconf 75' lang='lat' dir='ltr'>formaz-Primo</span> <span class='ocrx_word' id='word_1_123' title='bbox 1467 2475 1598 2544; x_wconf 87' lang='lat' dir='ltr'>iurabit</span> <span class='ocrx_word' id='word_1_124' title='bbox 1635 2475 1731 2563; x_wconf 88' lang='lat' dir='ltr'>qnod</span> <span class='ocrx_word' id='word_1_125' title='bbox 1770 2476 1913 2561; x_wconf 90' lang='lat' dir='ltr'>querela</span> <span class='ocrx_word' id='word_1_126' title='bbox 1952 2474 2028 2541; x_wconf 89' lang='lat' dir='ltr'>siue</span> 
     </span>
     <span class='ocr_line' id='line_1_14' title="bbox 520 2609 2030 2698; baseline 0 -20"><span class='ocrx_word' id='word_1_127' title='bbox 520 2611 651 2698; x_wconf 89' lang='lat' dir='ltr'>peticio</span> <span class='ocrx_word' id='word_1_128' title='bbox 679 2632 786 2697; x_wconf 88' lang='lat' dir='ltr'>quarn</span> <span class='ocrx_word' id='word_1_129' title='bbox 815 2633 899 2679; x_wconf 86' lang='lat' dir='ltr'>suos</span> <span class='ocrx_word' id='word_1_130' title='bbox 933 2613 1157 2682; x_wconf 60' lang='lat' dir='ltr'>aduersam</span> <span class='ocrx_word' id='word_1_131' title='bbox 1189 2613 1275 2682; x_wconf 87' lang='lat' dir='ltr'>facit</span> <span class='ocrx_word' id='word_1_132' title='bbox 1308 2633 1431 2680; x_wconf 87' lang='lat' dir='ltr'>versus</span> <span class='ocrx_word' id='word_1_133' title='bbox 1460 2633 1541 2680; x_wconf 92' lang='lat' dir='ltr'>eum</span> <span class='ocrx_word' id='word_1_134' title='bbox 1566 2621 1622 2680; x_wconf 87' lang='lat' dir='ltr'>est</span> <span class='ocrx_word' id='word_1_135' title='bbox 1650 2611 1781 2682; x_wconf 86' lang='lat' dir='ltr'>iniusta</span> <span class='ocrx_word' id='word_1_136' title='bbox 1804 2622 1842 2678; x_wconf 89' lang='lat' dir='ltr'>et</span> <span class='ocrx_word' id='word_1_137' title='bbox 1868 2609 1960 2678; x_wconf 86' lang='lat' dir='ltr'>falsa</span> <span class='ocrx_word' id='word_1_138' title='bbox 1991 2619 2030 2678; x_wconf 84' lang='lat' dir='ltr'>ot</span> 
     </span>
     <span class='ocr_line' id='line_1_15' title="bbox 521 2745 2030 2836; baseline -0.001 -20"><span class='ocrx_word' id='word_1_139' title='bbox 521 2751 616 2835; x_wconf 89' lang='lat' dir='ltr'>quod</span> <span class='ocrx_word' id='word_1_140' title='bbox 645 2747 699 2815; x_wconf 90' lang='lat' dir='ltr'>illi</span> <span class='ocrx_word' id='word_1_141' title='bbox 728 2769 818 2835; x_wconf 89' lang='lat' dir='ltr'>quos</span> <span class='ocrx_word' id='word_1_142' title='bbox 843 2750 920 2835; x_wconf 88' lang='lat' dir='ltr'>ipse</span> <span class='ocrx_word' id='word_1_143' title='bbox 943 2769 1062 2818; x_wconf 87' lang='lat' dir='ltr'>secum</span> <span class='ocrx_word' id='word_1_144' title='bbox 1091 2750 1241 2818; x_wconf 83' lang='lat' dir='ltr'>adduxit</span> <span class='ocrx_word' id='word_1_145' title='bbox 1269 2749 1345 2818; x_wconf 88' lang='lat' dir='ltr'>siue</span> <span class='ocrx_word' id='word_1_146' title='bbox 1374 2770 1438 2836; x_wconf 84' lang='lat' dir='ltr'>per</span> <span class='ocrx_word' id='word_1_147' title='bbox 1467 2749 1638 2818; x_wconf 84' lang='lat' dir='ltr'>auxilium</span> <span class='ocrx_word' id='word_1_148' title='bbox 1667 2747 1772 2818; x_wconf 89' lang='lat' dir='ltr'>Curie</span> <span class='ocrx_word' id='word_1_149' title='bbox 1800 2747 1920 2816; x_wconf 85' lang='lat' dir='ltr'>venire</span> <span class='ocrx_word' id='word_1_150' title='bbox 1947 2745 2030 2814; x_wconf 85' lang='lat' dir='ltr'>fecit</span> 
     </span>
     <span class='ocr_line' id='line_1_16' title="bbox 521 2882 2031 2976; baseline -0.001 -22"><span class='ocrx_word' id='word_1_151' title='bbox 521 2905 642 2954; x_wconf 89' lang='lat' dir='ltr'>secum</span> <span class='ocrx_word' id='word_1_152' title='bbox 666 2885 704 2952; x_wconf 89' lang='lat' dir='ltr'>in</span> <span class='ocrx_word' id='word_1_153' title='bbox 730 2887 971 2954; x_wconf 88' lang='lat' dir='ltr'>testimonium</span> <span class='ocrx_word' id='word_1_154' title='bbox 994 2888 1032 2954; x_wconf 89' lang='lat' dir='ltr'>in</span> <span class='ocrx_word' id='word_1_155' title='bbox 1058 2909 1103 2955; x_wconf 93' lang='lat' dir='ltr'>ea</span> <span class='ocrx_word' id='word_1_156' title='bbox 1125 2899 1228 2976; x_wconf 84' lang='lat' dir='ltr'>parte</span> <span class='ocrx_word' id='word_1_157' title='bbox 1252 2887 1382 2956; x_wconf 88' lang='lat' dir='ltr'>falsum</span> <span class='ocrx_word' id='word_1_158' title='bbox 1405 2889 1565 2954; x_wconf 85' lang='lat' dir='ltr'>iurarunt</span> <span class='ocrx_word' id='word_1_159' title='bbox 1587 2896 1624 2953; x_wconf 91' lang='lat' dir='ltr'>et</span> <span class='ocrx_word' id='word_1_160' title='bbox 1652 2885 1877 2954; x_wconf 88' lang='lat' dir='ltr'>nominentur</span> <span class='ocrx_word' id='word_1_161' title='bbox 1907 2882 2031 2970; x_wconf 78' lang='lat' dir='ltr'>singil-</span> 
     </span>
     <span class='ocr_line' id='line_1_17' title="bbox 520 3019 2033 3111; baseline -0.002 -22"><span class='ocrx_word' id='word_1_162' title='bbox 520 3022 633 3102; x_wconf 86' lang='lat' dir='ltr'>latim,</span> <span class='ocrx_word' id='word_1_163' title='bbox 662 3031 700 3089; x_wconf 89' lang='lat' dir='ltr'>et</span> <span class='ocrx_word' id='word_1_164' title='bbox 728 3022 823 3108; x_wconf 89' lang='lat' dir='ltr'>quod</span> <span class='ocrx_word' id='word_1_165' title='bbox 848 3023 925 3109; x_wconf 87' lang='lat' dir='ltr'>ipse</span> <span class='ocrx_word' id='word_1_166' title='bbox 953 3024 1107 3092; x_wconf 86' lang='lat' dir='ltr'>intendit</span> <span class='ocrx_word' id='word_1_167' title='bbox 1142 3034 1180 3094; x_wconf 90' lang='lat' dir='ltr'>et</span> <span class='ocrx_word' id='word_1_168' title='bbox 1222 3025 1370 3094; x_wconf 86' lang='lat' dir='ltr'>firmiter</span> <span class='ocrx_word' id='word_1_169' title='bbox 1410 3023 1521 3093; x_wconf 87' lang='lat' dir='ltr'>credit</span> <span class='ocrx_word' id='word_1_170' title='bbox 1557 3024 1653 3111; x_wconf 89' lang='lat' dir='ltr'>quod</span> <span class='ocrx_word' id='word_1_171' title='bbox 1690 3023 1788 3108; x_wconf 88' lang='lat' dir='ltr'>ipsos</span> <span class='ocrx_word' id='word_1_172' title='bbox 1824 3019 2033 3088; x_wconf 89' lang='lat' dir='ltr'>conuinoere</span> 
     </span>
     <span class='ocr_line' id='line_1_18' title="bbox 521 3158 2033 3250; baseline -0.001 -24"><span class='ocrx_word' id='word_1_173' title='bbox 521 3169 639 3244; x_wconf 89' lang='lat' dir='ltr'>potest</span> <span class='ocrx_word' id='word_1_174' title='bbox 664 3159 710 3225; x_wconf 90' lang='lat' dir='ltr'>de</span> <span class='ocrx_word' id='word_1_175' title='bbox 738 3159 862 3227; x_wconf 89' lang='lat' dir='ltr'>eodem</span> <span class='ocrx_word' id='word_1_176' title='bbox 892 3169 929 3226; x_wconf 88' lang='lat' dir='ltr'>et</span> <span class='ocrx_word' id='word_1_177' title='bbox 956 3160 1052 3246; x_wconf 90' lang='lat' dir='ltr'>quod</span> <span class='ocrx_word' id='word_1_178' title='bbox 1081 3161 1179 3247; x_wconf 88' lang='lat' dir='ltr'>ipsos</span> <span class='ocrx_word' id='word_1_179' title='bbox 1215 3163 1424 3230; x_wconf 88' lang='lat' dir='ltr'>conuinoere</span> <span class='ocrx_word' id='word_1_180' title='bbox 1464 3182 1529 3250; x_wconf 96' lang='lat' dir='ltr'>pro</span> <span class='ocrx_word' id='word_1_181' title='bbox 1568 3179 1674 3247; x_wconf 90' lang='lat' dir='ltr'>posse</span> <span class='ocrx_word' id='word_1_182' title='bbox 1720 3179 1795 3228; x_wconf 90' lang='lat' dir='ltr'>suo.</span> <span class='ocrx_word' id='word_1_183' title='bbox 1847 3158 1896 3227; x_wconf 89' lang='lat' dir='ltr'>Et</span> <span class='ocrx_word' id='word_1_184' title='bbox 1933 3166 2033 3244; x_wconf 91' lang='lat' dir='ltr'>post-</span> 
     </span>
    </p>
   </div>
   <div class='ocr_carea' id='block_1_7' title="bbox 422 3295 2032 3383">
    <p class='ocr_par' dir='ltr' id='par_1_7' title="bbox 422 3295 2032 3383">
     <span class='ocr_line' id='line_1_19' title="bbox 422 3295 2032 3383; baseline 0 -21"><span class='ocrx_word' id='word_1_185' title='bbox 422 3332 430 3349; x_wconf 91' lang='lat'><strong>·</strong></span> <span class='ocrx_word' id='word_1_186' title='bbox 521 3298 664 3363; x_wconf 90' lang='lat' dir='ltr'>modum</span> <span class='ocrx_word' id='word_1_187' title='bbox 693 3297 942 3365; x_wconf 88' lang='lat' dir='ltr'>nichilominus</span> <span class='ocrx_word' id='word_1_188' title='bbox 971 3297 1130 3366; x_wconf 87' lang='lat' dir='ltr'>inueniat</span> <span class='ocrx_word' id='word_1_189' title='bbox 1160 3299 1293 3366; x_wconf 88' lang='lat' dir='ltr'>bonam</span> <span class='ocrx_word' id='word_1_190' title='bbox 1321 3299 1544 3366; x_wconf 89' lang='lat' dir='ltr'>securitatem</span> <span class='ocrx_word' id='word_1_191' title='bbox 1574 3317 1639 3383; x_wconf 90' lang='lat' dir='ltr'>per</span> <span class='ocrx_word' id='word_1_192' title='bbox 1665 3296 1810 3364; x_wconf 85' lang='lat' dir='ltr'>vadium</span> <span class='ocrx_word' id='word_1_193' title='bbox 1835 3305 1872 3364; x_wconf 90' lang='lat' dir='ltr'>et</span> <span class='ocrx_word' id='word_1_194' title='bbox 1892 3295 2032 3382; x_wconf 82' lang='lat' dir='ltr'>plegios</span> 
     </span>
    </p>
   </div>
   <div class='ocr_carea' id='block_1_8' title="bbox 518 3433 2037 5030">
    <p class='ocr_par' dir='ltr' id='par_1_8' title="bbox 518 3433 2037 5030">
     <span class='ocr_line' id='line_1_20' title="bbox 523 3433 2032 3518; baseline -0.003 -19"><span class='ocrx_word' id='word_1_195' title='bbox 523 3433 569 3499; x_wconf 91' lang='lat' dir='ltr'>ad</span> <span class='ocrx_word' id='word_1_196' title='bbox 597 3434 879 3518; x_wconf 87' lang='lat' dir='ltr'>prosequendum</span> <span class='ocrx_word' id='word_1_197' title='bbox 908 3445 983 3502; x_wconf 88' lang='lat' dir='ltr'>tam</span> <span class='ocrx_word' id='word_1_198' title='bbox 1004 3454 1127 3503; x_wconf 84' lang='lat' dir='ltr'>versus</span> <span class='ocrx_word' id='word_1_199' title='bbox 1151 3435 1390 3502; x_wconf 63' lang='lat' dir='ltr'>muersarmm</span> <span class='ocrx_word' id='word_1_200' title='bbox 1417 3455 1523 3501; x_wconf 89' lang='lat' dir='ltr'>suum</span> <span class='ocrx_word' id='word_1_201' title='bbox 1545 3452 1653 3518; x_wconf 89' lang='lat' dir='ltr'>quam</span> <span class='ocrx_word' id='word_1_202' title='bbox 1673 3451 1797 3498; x_wconf 89' lang='lat' dir='ltr'>versus</span> <span class='ocrx_word' id='word_1_203' title='bbox 1817 3439 1927 3497; x_wconf 80' lang='lat' dir='ltr'>testes</span> <span class='ocrx_word' id='word_1_204' title='bbox 1948 3446 2032 3495; x_wconf 91' lang='lat' dir='ltr'>suos</span> 
     </span>
     <span class='ocr_line' id='line_1_21' title="bbox 520 3563 2033 3658; baseline -0.002 -24"><span class='ocrx_word' id='word_1_205' title='bbox 520 3578 558 3634; x_wconf 89' lang='lat' dir='ltr'>et</span> <span class='ocrx_word' id='word_1_206' title='bbox 585 3569 795 3635; x_wconf 89' lang='lat' dir='ltr'>nominatim</span> <span class='ocrx_word' id='word_1_207' title='bbox 823 3590 946 3637; x_wconf 87' lang='lat' dir='ltr'>versus</span> <span class='ocrx_word' id='word_1_208' title='bbox 982 3571 1176 3658; x_wconf 90' lang='lat' dir='ltr'>quemlibet</span> <span class='ocrx_word' id='word_1_209' title='bbox 1209 3571 1256 3638; x_wconf 90' lang='lat' dir='ltr'>de</span> <span class='ocrx_word' id='word_1_210' title='bbox 1290 3571 1423 3657; x_wconf 86' lang='lat' dir='ltr'>placito</span> <span class='ocrx_word' id='word_1_211' title='bbox 1461 3569 1609 3638; x_wconf 89' lang='lat' dir='ltr'>attincte</span> <span class='ocrx_word' id='word_1_212' title='bbox 1645 3568 1697 3634; x_wconf 86' lang='lat' dir='ltr'>ita</span> <span class='ocrx_word' id='word_1_213' title='bbox 1732 3566 1827 3654; x_wconf 90' lang='lat' dir='ltr'>quod</span> <span class='ocrx_word' id='word_1_214' title='bbox 1863 3563 2033 3632; x_wconf 85' lang='lat' dir='ltr'>securitas</span> 
     </span>
     <span class='ocr_line' id='line_1_22' title="bbox 521 3698 2033 3792; baseline -0.003 -21"><span class='ocrx_word' id='word_1_215' title='bbox 521 3705 585 3772; x_wconf 90' lang='lat' dir='ltr'>illa</span> <span class='ocrx_word' id='word_1_216' title='bbox 614 3703 765 3772; x_wconf 86' lang='lat' dir='ltr'>sufficiat</span> <span class='ocrx_word' id='word_1_217' title='bbox 799 3726 864 3792; x_wconf 91' lang='lat' dir='ltr'>pro</span> <span class='ocrx_word' id='word_1_218' title='bbox 893 3727 987 3774; x_wconf 91' lang='lat' dir='ltr'>nouo</span> <span class='ocrx_word' id='word_1_219' title='bbox 1013 3707 1286 3776; x_wconf 90' lang='lat' dir='ltr'>amerciamento</span> <span class='ocrx_word' id='word_1_220' title='bbox 1315 3727 1438 3775; x_wconf 88' lang='lat' dir='ltr'>versus</span> <span class='ocrx_word' id='word_1_221' title='bbox 1474 3704 1618 3773; x_wconf 88' lang='lat' dir='ltr'>Curiam</span> <span class='ocrx_word' id='word_1_222' title='bbox 1653 3713 1690 3771; x_wconf 89' lang='lat' dir='ltr'>et</span> <span class='ocrx_word' id='word_1_223' title='bbox 1726 3703 1830 3770; x_wconf 86' lang='lat' dir='ltr'>nouis</span> <span class='ocrx_word' id='word_1_224' title='bbox 1868 3698 2033 3787; x_wconf 88' lang='lat' dir='ltr'>dampnis</span> 
     </span>
     <span class='ocr_line' id='line_1_23' title="bbox 523 3839 2034 3930; baseline -0.004 -21"><span class='ocrx_word' id='word_1_225' title='bbox 523 3839 617 3927; x_wconf 86' lang='lat' dir='ltr'>parti</span> <span class='ocrx_word' id='word_1_226' title='bbox 653 3843 898 3910; x_wconf 88' lang='lat' dir='ltr'>adiudicandis</span> <span class='ocrx_word' id='word_1_227' title='bbox 934 3845 965 3910; x_wconf 89' lang='lat' dir='ltr'>si</span> <span class='ocrx_word' id='word_1_228' title='bbox 1000 3844 1117 3930; x_wconf 89' lang='lat' dir='ltr'>ipsam</span> <span class='ocrx_word' id='word_1_229' title='bbox 1149 3863 1222 3910; x_wconf 90' lang='lat' dir='ltr'>non</span> <span class='ocrx_word' id='word_1_230' title='bbox 1254 3845 1464 3920; x_wconf 87' lang='lat' dir='ltr'>conuincat;</span> <span class='ocrx_word' id='word_1_231' title='bbox 1501 3862 1573 3929; x_wconf 88' lang='lat' dir='ltr'>qua</span> <span class='ocrx_word' id='word_1_232' title='bbox 1603 3840 1794 3908; x_wconf 83' lang='lat' dir='ltr'>securitate</span> <span class='ocrx_word' id='word_1_233' title='bbox 1822 3839 1970 3906; x_wconf 88' lang='lat' dir='ltr'>inuenta</span> <span class='ocrx_word' id='word_1_234' title='bbox 1997 3845 2034 3904; x_wconf 89' lang='lat' dir='ltr'>et</span> 
     </span>
     <span class='ocr_line' id='line_1_24' title="bbox 521 3978 2034 4069; baseline -0.003 -23"><span class='ocrx_word' id='word_1_235' title='bbox 521 3978 704 4047; x_wconf 89' lang='lat' dir='ltr'>irrotulata</span> <span class='ocrx_word' id='word_1_236' title='bbox 732 3981 835 4048; x_wconf 91' lang='lat' dir='ltr'>detur</span> <span class='ocrx_word' id='word_1_237' title='bbox 862 3980 939 4048; x_wconf 91' lang='lat' dir='ltr'>dies</span> <span class='ocrx_word' id='word_1_238' title='bbox 967 3981 1127 4069; x_wconf 88' lang='lat' dir='ltr'>querenti</span> <span class='ocrx_word' id='word_1_239' title='bbox 1156 3983 1202 4048; x_wconf 89' lang='lat' dir='ltr'>ad</span> <span class='ocrx_word' id='word_1_240' title='bbox 1239 3983 1483 4049; x_wconf 88' lang='lat' dir='ltr'>adducendum</span> <span class='ocrx_word' id='word_1_241' title='bbox 1515 3991 1552 4047; x_wconf 90' lang='lat' dir='ltr'>et</span> <span class='ocrx_word' id='word_1_242' title='bbox 1580 3978 1801 4067; x_wconf 88' lang='lat' dir='ltr'>probandum</span> <span class='ocrx_word' id='word_1_243' title='bbox 1830 3994 1911 4043; x_wconf 90' lang='lat' dir='ltr'>cum</span> <span class='ocrx_word' id='word_1_244' title='bbox 1936 3981 2034 4041; x_wconf 85' lang='lat' dir='ltr'>secta</span> 
     </span>
     <span class='ocr_line' id='line_1_25' title="bbox 518 4111 2031 4204; baseline -0.003 -24"><span class='ocrx_word' id='word_1_245' title='bbox 518 4113 701 4200; x_wconf 79' lang='lat' dir='ltr'>fidedigna</span> <span class='ocrx_word' id='word_1_246' title='bbox 742 4126 780 4181; x_wconf 89' lang='lat' dir='ltr'>et</span> <span class='ocrx_word' id='word_1_247' title='bbox 815 4136 887 4183; x_wconf 87' lang='lat' dir='ltr'>non</span> <span class='ocrx_word' id='word_1_248' title='bbox 923 4129 1098 4204; x_wconf 80' lang='lat' dir='ltr'>suspecta,</span> <span class='ocrx_word' id='word_1_249' title='bbox 1143 4119 1277 4186; x_wconf 87' lang='lat' dir='ltr'>scilicet</span> <span class='ocrx_word' id='word_1_250' title='bbox 1319 4120 1366 4186; x_wconf 92' lang='lat' dir='ltr'>ad</span> <span class='ocrx_word' id='word_1_251' title='bbox 1409 4118 1609 4204; x_wconf 86' lang='lat' dir='ltr'>proximam</span> <span class='ocrx_word' id='word_1_252' title='bbox 1651 4116 1708 4182; x_wconf 89' lang='lat' dir='ltr'>vel</span> <span class='ocrx_word' id='word_1_253' title='bbox 1750 4113 1796 4180; x_wconf 87' lang='lat' dir='ltr'>ad</span> <span class='ocrx_word' id='word_1_254' title='bbox 1840 4111 2031 4178; x_wconf 87' lang='lat' dir='ltr'>secundam</span> 
     </span>
     <span class='ocr_line' id='line_1_26' title="bbox 521 4249 2033 4339; baseline -0.003 -21"><span class='ocrx_word' id='word_1_255' title='bbox 521 4251 720 4337; x_wconf 86' lang='lat' dir='ltr'>proximam</span> <span class='ocrx_word' id='word_1_256' title='bbox 750 4254 883 4320; x_wconf 89' lang='lat' dir='ltr'>curiam</span> <span class='ocrx_word' id='word_1_257' title='bbox 912 4265 949 4320; x_wconf 89' lang='lat' dir='ltr'>et</span> <span class='ocrx_word' id='word_1_258' title='bbox 977 4255 1071 4322; x_wconf 89' lang='lat' dir='ltr'>idem</span> <span class='ocrx_word' id='word_1_259' title='bbox 1107 4255 1184 4324; x_wconf 88' lang='lat' dir='ltr'>dies</span> <span class='ocrx_word' id='word_1_260' title='bbox 1212 4257 1314 4324; x_wconf 87' lang='lat' dir='ltr'>detur</span> <span class='ocrx_word' id='word_1_261' title='bbox 1346 4253 1550 4323; x_wconf 86' lang='lat' dir='ltr'>defendenti</span> <span class='ocrx_word' id='word_1_262' title='bbox 1585 4253 1647 4339; x_wconf 88' lang='lat' dir='ltr'>qui</span> <span class='ocrx_word' id='word_1_263' title='bbox 1682 4251 1780 4339; x_wconf 90' lang='lat' dir='ltr'>prius</span> <span class='ocrx_word' id='word_1_264' title='bbox 1812 4249 1879 4318; x_wconf 85' lang='lat' dir='ltr'>fuit</span> <span class='ocrx_word' id='word_1_265' title='bbox 1918 4266 2033 4334; x_wconf 80' lang='lat' dir='ltr'>agens</span> 
     </span>
     <span class='ocr_line' id='line_1_27' title="bbox 523 4384 2032 4477; baseline -0.002 -22"><span class='ocrx_word' id='word_1_266' title='bbox 523 4389 569 4455; x_wconf 91' lang='lat' dir='ltr'>ad</span> <span class='ocrx_word' id='word_1_267' title='bbox 609 4389 822 4458; x_wconf 90' lang='lat' dir='ltr'>audiendum</span> <span class='ocrx_word' id='word_1_268' title='bbox 873 4393 1058 4461; x_wconf 87' lang='lat' dir='ltr'>attinctam</span> <span class='ocrx_word' id='word_1_269' title='bbox 1102 4392 1201 4460; x_wconf 90' lang='lat' dir='ltr'>illam</span> <span class='ocrx_word' id='word_1_270' title='bbox 1241 4403 1280 4461; x_wconf 88' lang='lat' dir='ltr'>et</span> <span class='ocrx_word' id='word_1_271' title='bbox 1322 4393 1470 4460; x_wconf 78' lang='lat' dir='ltr'>ulterius</span> <span class='ocrx_word' id='word_1_272' title='bbox 1513 4391 1569 4460; x_wconf 86' lang='lat' dir='ltr'>ius</span> <span class='ocrx_word' id='word_1_273' title='bbox 1608 4401 1646 4458; x_wconf 88' lang='lat' dir='ltr'>et</span> <span class='ocrx_word' id='word_1_274' title='bbox 1683 4397 1822 4477; x_wconf 87' lang='lat' dir='ltr'>partem</span> <span class='ocrx_word' id='word_1_275' title='bbox 1857 4406 1958 4454; x_wconf 89' lang='lat' dir='ltr'>suam</span> <span class='ocrx_word' id='word_1_276' title='bbox 1994 4384 2032 4452; x_wconf 88' lang='lat' dir='ltr'>in</span> 
     </span>
     <span class='ocr_line' id='line_1_28' title="bbox 523 4527 2035 4619; baseline -0.001 -25"><span class='ocrx_word' id='word_1_277' title='bbox 523 4527 706 4612; x_wconf 85' lang='lat' dir='ltr'>premissis</span> <span class='ocrx_word' id='word_1_278' title='bbox 735 4527 964 4597; x_wconf 84' lang='lat' dir='ltr'>defendendis</span> <span class='ocrx_word' id='word_1_279' title='bbox 991 4533 1024 4598; x_wconf 91' lang='lat' dir='ltr'>si</span> <span class='ocrx_word' id='word_1_280' title='bbox 1052 4531 1122 4600; x_wconf 84' lang='lat' dir='ltr'>sibi</span> <span class='ocrx_word' id='word_1_281' title='bbox 1150 4535 1304 4601; x_wconf 88' lang='lat' dir='ltr'>viderint</span> <span class='ocrx_word' id='word_1_282' title='bbox 1329 4533 1505 4619; x_wconf 82' lang='lat' dir='ltr'>expedire.</span> <span class='ocrx_word' id='word_1_283' title='bbox 1561 4531 1609 4598; x_wconf 87' lang='lat' dir='ltr'>Et</span> <span class='ocrx_word' id='word_1_284' title='bbox 1631 4529 1812 4598; x_wconf 87' lang='lat' dir='ltr'>sciendum</span> <span class='ocrx_word' id='word_1_285' title='bbox 1833 4528 1930 4614; x_wconf 88' lang='lat' dir='ltr'>quod</span> <span class='ocrx_word' id='word_1_286' title='bbox 1950 4535 2035 4592; x_wconf 90' lang='lat' dir='ltr'>tunc</span> 
     </span>
     <span class='ocr_line' id='line_1_29' title="bbox 525 4659 2037 4758; baseline -0.007 -22"><span class='ocrx_word' id='word_1_287' title='bbox 525 4672 673 4750; x_wconf 81' lang='lat' dir='ltr'>vterque</span> <span class='ocrx_word' id='word_1_288' title='bbox 700 4675 819 4750; x_wconf 88' lang='lat' dir='ltr'>potest</span> <span class='ocrx_word' id='word_1_289' title='bbox 847 4667 1031 4752; x_wconf 82' lang='lat' dir='ltr'>adducore,</span> <span class='ocrx_word' id='word_1_290' title='bbox 1061 4669 1196 4740; x_wconf 88' lang='lat' dir='ltr'>scilicet</span> <span class='ocrx_word' id='word_1_291' title='bbox 1224 4689 1383 4758; x_wconf 88' lang='lat' dir='ltr'>querens·</span> <span class='ocrx_word' id='word_1_292' title='bbox 1408 4669 1453 4736; x_wconf 90' lang='lat' dir='ltr'>ad</span> <span class='ocrx_word' id='word_1_293' title='bbox 1482 4666 1764 4734; x_wconf 89' lang='lat' dir='ltr'>conuincendum</span> <span class='ocrx_word' id='word_1_294' title='bbox 1784 4672 1823 4731; x_wconf 88' lang='lat' dir='ltr'>et</span> <span class='ocrx_word' id='word_1_295' title='bbox 1843 4659 2037 4727; x_wconf 85' lang='lat' dir='ltr'>defendens</span> 
     </span>
     <span class='ocr_line' id='line_1_30' title="bbox 526 4793 2035 4894; baseline -0.003 -26"><span class='ocrx_word' id='word_1_296' title='bbox 526 4801 573 4868; x_wconf 86' lang='lat' dir='ltr'>ad</span> <span class='ocrx_word' id='word_1_297' title='bbox 594 4801 855 4886; x_wconf 85' lang='lat' dir='ltr'>efforciandum,</span> <span class='ocrx_word' id='word_1_298' title='bbox 877 4805 1028 4891; x_wconf 88' lang='lat' dir='ltr'>primam</span> <span class='ocrx_word' id='word_1_299' title='bbox 1051 4821 1186 4876; x_wconf 86' lang='lat' dir='ltr'>sectam</span> <span class='ocrx_word' id='word_1_300' title='bbox 1209 4829 1310 4876; x_wconf 86' lang='lat' dir='ltr'>suam</span> <span class='ocrx_word' id='word_1_301' title='bbox 1333 4808 1551 4894; x_wconf 88' lang='lat' dir='ltr'>productam.</span> <span class='ocrx_word' id='word_1_302' title='bbox 1595 4801 1644 4870; x_wconf 88' lang='lat' dir='ltr'>Et</span> <span class='ocrx_word' id='word_1_303' title='bbox 1665 4802 1725 4869; x_wconf 90' lang='lat' dir='ltr'>ille</span> <span class='ocrx_word' id='word_1_304' title='bbox 1746 4799 1847 4867; x_wconf 76' lang='lat' dir='ltr'>cidus</span> <span class='ocrx_word' id='word_1_305' title='bbox 1867 4793 2035 4884; x_wconf 90' lang='lat' dir='ltr'>probacio</span> 
     </span>
     <span class='ocr_line' id='line_1_31' title="bbox 524 4930 2033 5030; baseline -0.003 -24"><span class='ocrx_word' id='word_1_306' title='bbox 524 4950 655 5006; x_wconf 85' lang='lat' dir='ltr'>extunc</span> <span class='ocrx_word' id='word_1_307' title='bbox 684 4941 808 5007; x_wconf 90' lang='lat' dir='ltr'>melior</span> <span class='ocrx_word' id='word_1_308' title='bbox 835 4952 872 5009; x_wconf 90' lang='lat' dir='ltr'>et</span> <span class='ocrx_word' id='word_1_309' title='bbox 906 4942 1022 5010; x_wconf 83' lang='lat' dir='ltr'>verior</span> <span class='ocrx_word' id='word_1_310' title='bbox 1056 4952 1237 5030; x_wconf 88' lang='lat' dir='ltr'>comperta</span> <span class='ocrx_word' id='word_1_311' title='bbox 1272 4943 1320 5010; x_wconf 89' lang='lat' dir='ltr'>sit</span> <span class='ocrx_word' id='word_1_312' title='bbox 1356 4943 1488 5008; x_wconf 87' lang='lat' dir='ltr'>habeat</span> <span class='ocrx_word' id='word_1_313' title='bbox 1520 4939 1688 5008; x_wconf 87' lang='lat' dir='ltr'>iudicium</span> <span class='ocrx_word' id='word_1_314' title='bbox 1724 4958 1789 5023; x_wconf 89' lang='lat' dir='ltr'>pro</span> <span class='ocrx_word' id='word_1_315' title='bbox 1818 4955 1873 5016; x_wconf 86' lang='lat' dir='ltr'>eo,</span> <span class='ocrx_word' id='word_1_316' title='bbox 1909 4930 2033 5000; x_wconf 89' lang='lat' dir='ltr'>habito</span> 
     </span>
    </p>
   </div>
   <div class='ocr_carea' id='block_1_9' title="bbox 525 5067 2177 5168">
    <p class='ocr_par' dir='ltr' id='par_1_9' title="bbox 525 5067 2177 5168">
     <span class='ocr_line' id='line_1_32' title="bbox 525 5067 2177 5168; baseline -0.009 -21"><span class='ocrx_word' id='word_1_317' title='bbox 525 5087 688 5162; x_wconf 83' lang='lat' dir='ltr'>respectu</span> <span class='ocrx_word' id='word_1_318' title='bbox 716 5079 763 5143; x_wconf 90' lang='lat' dir='ltr'>ad</span> <span class='ocrx_word' id='word_1_319' title='bbox 791 5078 1056 5148; x_wconf 88' lang='lat' dir='ltr'>inchoacionem</span> <span class='ocrx_word' id='word_1_320' title='bbox 1085 5080 1218 5168; x_wconf 79' lang='lat' dir='ltr'>placiti,</span> <span class='ocrx_word' id='word_1_321' title='bbox 1247 5081 1299 5148; x_wconf 90' lang='lat' dir='ltr'>ita</span> <span class='ocrx_word' id='word_1_322' title='bbox 1328 5091 1449 5148; x_wconf 62' lang='lat' dir='ltr'>nmen</span> <span class='ocrx_word' id='word_1_323' title='bbox 1477 5077 1573 5166; x_wconf 94' lang='lat' dir='ltr'>quod</span> <span class='ocrx_word' id='word_1_324' title='bbox 1597 5073 1762 5144; x_wconf 82' lang='lat' dir='ltr'>conuixlo</span> <span class='ocrx_word' id='word_1_325' title='bbox 1784 5073 1860 5140; x_wconf 90' lang='lat' dir='ltr'>siue</span> <span class='ocrx_word' id='word_1_326' title='bbox 1881 5067 2032 5139; x_wconf 85' lang='lat' dir='ltr'>attincta</span> <span class='ocrx_word' id='word_1_327' title='bbox 2157 5088 2177 5148; x_wconf 67' lang='lat'>,1</span> 
     </span>
    </p>
   </div>
   <div class='ocr_carea' id='block_1_10' title="bbox 0 0 2655 6592">
    <p class='ocr_par' dir='ltr' id='par_1_10' title="bbox 0 0 2655 6592">
     <span class='ocr_line' id='line_1_33' title="bbox 0 0 2655 6592; baseline 0 0"><span class='ocrx_word' id='word_1_328' title='bbox 0 0 2655 6592; x_wconf 95' lang='lat' dir='ltr'> </span> 
     </span>
    </p>
   </div>
  </div>
 </body>
</html>
