5224 6596
583 869 655 943 224
916 839 1014 934 libi
1037 840 1178 930 little
1201 837 1299 928 Reb
1325 837 1453 930 Booli
1479 840 1529 930 of
1559 839 1746 932 Βῐίθῐοῐ.

581 1059 762 1146 imponere
791 1063 828 1126 et
856 1054 1023 1138 conferre,
1052 1074 1200 1124 assensu
1227 1053 1378 1142 predicti
1406 1073 1557 1141 persone
1591 1055 1655 1142 qui
1689 1074 1755 1143 pro
1791 1062 1950 1160 tempore
1983 1053 2092 1124 inerit

582 1197 859 1264 nonobstante.
905 1191 1084 1262 Habenda
1119 1201 1156 1262 et
1184 1193 1338 1260 tenenda
1373 1193 1495 1261 omnia
1529 1193 1691 1282 predicta
1727 1191 1923 1280 mesuagio,
1961 1193 2092 1280 shopas

583 1342 620 1401 et
655 1333 845 1421 gardinum
881 1351 962 1400 cum
998 1332 1073 1402 suis
1108 1330 1335 1418 pertinenciis
1370 1329 1450 1398 Deo
1486 1341 1524 1399 et
1559 1329 1708 1398 ecclesie
1749 1327 1917 1414 predicte,
1953 1347 2092 1398 necnon

388 1472 530 1588 HQ!
583 1469 761 1558 Magistro
799 1468 955 1553 Jchanni
991 1468 1121 1556 Wyke,
1160 1487 1311 1554 persone
1347 1467 1442 1536 dicte
1481 1468 1640 1548 ecclesie,
1684 1465 1843 1532 Ricardo
1887 1464 2013 1532 Holter
2055 1474 2092 1534 et

358 1601 560 1719 fflmffi
583 1606 739 1690 Johanni
775 1605 885 1686 Hore,
921 1606 1126 1674 custodibus
1160 1604 1293 1672 fabrice
1328 1605 1423 1674 dicte
1454 1605 1602 1672 ecclesie
1640 1615 1678 1672 et
1717 1605 1978 1674 successoribus
2017 1606 2092 1674 suis

431 1741 485 1784 ⁰¹¹·
583 1743 744 1832 pmscnis
766 1752 803 1810 et
823 1743 1028 1812 custodibus
1049 1743 1143 1812 dicte
1168 1743 1316 1812 ecclesie
1338 1743 1607 1829 imperpetuum.
1651 1743 1851 1813 Reddeudo
1873 1752 1911 1810 at
1929 1743 2092 1812 faciendo

583 1880 796 1968 capitalibus
824 1855 978 1948 somniis
1006 1878 1100 1948 reon
1134 1880 1291 1948 recuses
1327 1889 1364 1948 et
1399 1880 1548 1948 semen
1584 1879 1667 1947 inde
1702 1879 1825 1948 osuin
1860 1889 1897 1948 et
1932 1881 1979 1948 oe
2012 1880 2091 1966 jura

583 2028 761 2099 consueta,
791 2026 828 2085 et
855 2016 1001 2084 vlterius
1037 2016 1250 2084 inueniendo
1285 2016 1508 2103 capellanum
1543 2017 1740 2102 predictum
1776 2013 1930 2101 singulis
1965 2013 2092 2082 diebus

584 2153 622 2220 in
657 2151 771 2220 forma
804 2153 973 2239 predicta
1026 2152 1074 2219 Et
1110 2154 1157 2220 ad
1193 2154 1396 2234 tenendum,
1432 2151 1632 2220 faciendum
1669 2161 1705 2218 et
1741 2151 2012 2220 sustentandum
2053 2151 2091 2219 in

583 2291 708 2358 eadem
745 2289 895 2358 ecclesia
933 2287 1086 2376 singulis
1129 2289 1234 2356 aunis
1277 2289 1314 2354 in
1354 2287 1480 2374 vigilia
1518 2285 1790 2372 Assumpcionis
1827 2285 1941 2352 Beate
1976 2282 2092 2353 Maris

584 2425 744 2514 Virginis
772 2426 1029 2512 imperpetuum
1058 2425 1337 2494 anniuersarium
1358 2424 1471 2510 ipsius
1499 2423 1688 2503 Edmundi,
1718 2423 1846 2502 Alicio,
1874 2423 2089 2509 Margarete,

583 2581 732 2629 unorum
767 2561 925 2649 ejusdem
962 2561 1153 2643 Edmundi,
1190 2561 1327 2630 Tbome
1362 2561 1528 2640 Blanket,
1562 2561 1712 2628 Ricardi
1744 2561 1911 2644 Blanket,
1941 2558 2092 2630 Henrici

583 2697 689 2785 Vyell
724 2707 761 2769 et
797 2697 955 2766 omnium
987 2697 1144 2766 fidelium
1174 2698 1428 2778 defunctorum,
1458 2718 1529 2785 quo
1558 2697 1617 2766 die
1645 2699 1785 2764 scluont
1813 2707 1851 2766 et
1881 2697 2095 2766 distribuent

584 2833 670 2900 dicti
697 2853 849 2920 perenm
877 2844 914 2903 et
942 2845 1186 2920 procuratores
1215 2844 1252 2902 et
1280 2855 1501 2904 successores
1529 2835 1585 2902 sui
1610 2835 1740 2922 viginti
1761 2835 1957 2920 capellanis
1977 2832 2090 2902 Missa

583 2969 629 3036 de
654 2969 831 3056 Requim
859 2977 896 3037 et
924 2971 1085 3057 exequiis
1114 2972 1357 3058 solempnibus
1386 2993 1466 3041 cum
1502 2983 1693 3060 neupmate
1733 2973 1820 3040 dicti
1861 2970 2093 3040 mniueaarii

584 3107 885 3188 interessentibus,
907 3105 1053 3174 cuilibet
1077 3125 1198 3174 eorum
1227 3116 1379 3193 quatuor
1406 3109 1570 3176 denarios
1598 3108 1868 3194 imperpetuum,
1897 3114 1935 3174 et
1957 3105 2094 3176 Clerico

583 3245 742 3331 ejusdem
770 3243 918 3313 ecclesie
947 3243 1007 3331 qui
1036 3263 1101 3330 pro
1130 3253 1289 3331 tempore
1316 3243 1421 3311 suerit
1449 3263 1514 3330 pro
1543 3245 1656 3311 tribus
1685 3243 1810 3311 classis
1839 3241 2024 3328 pulsandis
2053 3240 2091 3307 in

584 3379 744 3467 exequiis
783 3388 820 3447 et
859 3399 994 3466 magna
1032 3379 1143 3448 missa
1181 3379 1262 3467 vid„
1310 3388 1347 3446 et
1386 3377 1611 3467 suffraganeo
1647 3380 1805 3465 ejusdem
1842 3379 1988 3448 ecclesie
2021 3377 2092 3465 iia,

584 3531 621 3586 et
655 3517 866 3586 Bedmanno
901 3517 1035 3586 dictum
1071 3517 1353 3586 anniuersarium
1386 3517 1424 3584 in
1452 3516 1540 3584 villa
1574 3517 1812 3603 proclamanti
1848 3514 1907 3601 ijd.
1962 3515 2011 3584 Et
2046 3516 2094 3584 ad

585 3654 836 3722 inuenientium
879 3662 960 3720 octo
1004 3673 1124 3724 cereos
1167 3653 1360 3740 quadratos
1404 3673 1518 3724 nouos
1554 3663 1590 3721 et
1627 3653 1792 3726 decentes
1828 3651 1866 3718 in
1902 3651 2022 3720 missis
2057 3660 2095 3718 et

585 3791 745 3878 exequiis
772 3790 897 3858 eodem
934 3791 992 3858 die
1027 3801 1132 3878 prout
1169 3791 1347 3878 competit,
1386 3801 1423 3858 et
1459 3791 1540 3859 aliis
1576 3791 1675 3858 festis
1710 3809 1775 3877 per
1809 3799 1924 3858 totum
1961 3809 2093 3856 annum

582 3930 687 4017 juxta
711 3929 885 3994 tumulum
915 3930 1089 3997 ardentes.
1133 3928 1357 3997 Distribuent
1378 3927 1491 3996 eciam
1513 3929 1599 3994 dicti
1620 3947 1772 4014 persona
1794 3937 1830 3996 et
1851 3935 2095 4012 procuratores

586 4071 623 4130 et
673 4081 794 4128 eonun
852 4081 1072 4130 successores
1123 4062 1381 4150 imperpetuum
1432 4064 1617 4132 annuatim
1660 4063 1699 4130 in
1746 4085 1840 4150 pane
1890 4064 1987 4132 dicto
2036 4063 2095 4132 die

500 4253 507 4269 .
588 4197 820 4266 anniuersarii
857 4196 1072 4284 pauperibus
1112 4197 1159 4264 ad
1198 4200 1355 4267 valorem
1395 4199 1517 4268 decem
1554 4200 1757 4280 solidorum,
1795 4219 1934 4268 necnon
1969 4199 2094 4268 eodem

588 4335 647 4404 die
675 4334 890 4422 pauperibus
918 4335 1012 4402 cecis
1037 4344 1074 4400 et
1103 4335 1240 4402 dandis
1269 4336 1307 4403 in
1332 4336 1472 4406 lectulis
1495 4337 1695 4423 iacentibus
1717 4337 1755 4404 in
1778 4337 1948 4423 hospitali
1970 4335 2095 4406 Sancti

590 4470 842 4552 Bartholcmei,
871 4455 1064 4552 Bristollie,
1094 4471 1249 4558 quinque
1279 4472 1413 4541 solidos
1434 4473 1472 4540 in
1493 4493 1584 4560 pura
1604 4474 1767 4560 pecunia.
1812 4473 1962 4542 Soluent
1982 4473 2095 4543 οοίαω

591 4608 715 4674 eodem
744 4607 802 4675 die
830 4607 917 4674 dicti
944 4627 1096 4694 persona
1125 4617 1162 4675 et
1190 4619 1435 4694 procuratores
1464 4620 1649 4678 eteorum
1686 4629 1906 4678 successores
1941 4609 2002 4696 qui
2030 4629 2096 4697 pro
2137 4661 2138 4666 η

592 4756 751 4831 tempore
778 4744 908 4812 fuerint
936 4743 1151 4830 pauperibus
1169 4745 1370 4831 jacentibus
1391 4747 1429 4812 in
1451 4747 1557 4814 domo
1580 4747 1838 4835 elemosynaria
1862 4747 1900 4814 in
1929 4749 2098 4816 suburbio

593 4879 785 4962 Bristollie,
814 4881 853 4946 in
882 4879 1147 4967 Templestrete,
1177 4882 1434 4969 imperpetuum
1468 4884 1652 4950 annuatim
1688 4884 1843 4971 quinque
1880 4885 2023 4966 solidos,
2060 4894 2097 4954 et

594 5019 807 5105 pauperibus
837 5017 917 5084 aliis
945 5017 1197 5104 languentibus
1226 5019 1263 5086 in
1292 5021 1398 5086 domo
1426 5020 1684 5108 elemosynaria
1713 5022 1751 5089 in
1780 5022 1904 5089 eodem
1929 5023 2100 5092 suburbio

595 5155 633 5222 in
670 5157 707 5221 la
741 5153 936 5242 Langrewe
972 5154 1127 5240 quinque
1163 5154 1306 5222 solidos.
1373 5155 1561 5226 inueniant
1595 5159 1708 5228 eciam
1744 5160 1832 5228 dicti
1874 5179 2027 5246 persona
2062 5169 2099 5230 st
