5224 6596
859 843 1395 939 castalenensis
1421 848 1472 941 ot
1501 847 1691 942 tastu
1956 875 2070 950 207Ἴ

522 1056 772 1124 transmittatis
815 1078 880 1146 per
921 1059 1060 1128 litteras
1098 1069 1236 1130 vestras
1271 1069 1436 1148 patentes
1471 1063 1597 1132 harum
1633 1063 1761 1132 seriem
1796 1063 2029 1134 continentes.

521 1193 656 1262 Datum
678 1198 746 1264 sub
767 1196 887 1284 sigillo
908 1206 1031 1266 nostro
1056 1199 1151 1286 apud
1175 1197 1392 1288 Chissebury
1415 1198 1553 1270 decimo
1576 1210 1703 1270 octauo
1724 1199 1902 1268 Kalendis
1921 1199 1944 1286 J
1945 1202 2031 1284 unii,

522 1351 618 1398 anno
638 1331 787 1402 Domini
808 1335 997 1404 millesimo
1018 1347 1110 1404 ccc*
1131 1335 1231 1424 xviij.
1254 1337 1534 1405 consecracionis
1556 1348 1677 1407 nostm
1701 1339 1866 1408 semmdc.
1911 1338 2031 1426 Hujus

523 1475 642 1534 autem
683 1466 794 1534 vestri
833 1468 1044 1538 auctoritate
1079 1470 1242 1538 mandati
1277 1489 1319 1538 ac
1354 1491 1420 1558 per
1454 1472 1661 1539 mandatum
1696 1471 1881 1540 reuerendi
1915 1471 2031 1560 patris

522 1601 658 1670 domini
684 1601 838 1672 Walteri
866 1605 1017 1692 predicti
1045 1605 1150 1674 nobis
1178 1606 1316 1674 exstitit
1345 1607 1573 1710 commissum
1603 1609 1650 1676 ad
1677 1607 1962 1676 denunciandum
1992 1608 2030 1676 in

522 1759 653 1828 genere
692 1760 816 1810 omnes
855 1753 893 1810 et
930 1742 1093 1831 singulos
1133 1743 1171 1810 in
1209 1744 1427 1812 sentenciam
1466 1744 1847 1814 excommunicacionis
1887 1745 2032 1832 madoris

522 1875 604 1965 ipso
631 1873 726 1944 facto
758 1878 1034 1964 dampnabiliter
1069 1879 1235 1948 incidisse
1271 1881 1333 1966 qui
1365 1890 1483 1948 cartas
1518 1891 1555 1949 et
1590 1881 1820 1964 munimenta,
1852 1880 1936 1969 jura
1970 1891 2033 1949 aut

523 2014 596 2081 alia
636 2015 734 2083 bona
776 2013 908 2082 dictam
956 2013 1142 2083 ecclesiam
1194 2026 1257 2083 aut
1302 2017 1560 2085 traternitatem
1604 2017 1857 2086 concernentia
1902 2018 2033 2106 injuste

523 2150 758 2233 detinuerunt,
796 2160 859 2218 aut
892 2153 974 2240 jura
1012 2162 1049 2220 et
1090 2153 1273 2221 libertates
1312 2154 1504 2221 eomndem
1542 2163 1675 2222 temere
1710 2153 1930 2243 infregerint
1969 2174 2033 2223 seu

523 2286 794 2374 impediuerant,
823 2307 961 2357 necnon
990 2289 1036 2356 ad
1065 2289 1312 2376 inquirendum
1341 2291 1488 2358 ulterius
1519 2290 1557 2358 in
1581 2290 1695 2359 forma
1716 2291 1807 2378 juris
1831 2293 1876 2360 de
1898 2291 2032 2360 eisdem

524 2423 571 2489 ad
601 2443 709 2510 quam
738 2423 1008 2510 inquisicionem
1033 2425 1232 2494 faciendam
1257 2426 1393 2494 vocatis
1417 2439 1453 2495 et
1479 2427 1609 2508 citatis,
1638 2429 1769 2495 abbate
1794 2438 1831 2495 et
1856 2437 2033 2496 conuentu

524 2554 649 2625 Sancti
676 2557 883 2646 Augustini,
913 2558 1105 2643 Bristollie‚
1134 2581 1199 2648 per
1227 2559 1369 2630 fratrem
1394 2561 1594 2648 Johannem
1624 2563 1670 2632 de
1691 2563 1786 2653 Leye
1806 2582 1928 2631 eorum
1949 2581 2035 2632 con-

524 2695 733 2762 canonicum
779 2705 817 2763 et
859 2705 1120 2784 procuratorem
1157 2717 1200 2766 ac
1243 2699 1349 2800 certis
1390 2701 1629 2793 burgensibus
1667 2700 1850 2769 Bristollie
1892 2701 2035 2769 nomine

526 2831 675 2918 Majons
710 2842 746 2899 et
780 2830 1055 2902 mammam
1091 2835 1177 2913 vine
1211 2835 1370 2922 predicte
1404 2836 1556 2924 auisqne
1590 2837 1785 2905 menaea
1820 2847 1856 2904 et
1891 2837 2036 2904 vacum

525 2969 612 3037 dicti
639 2969 845 3054 decanatus,
875 2969 1089 3058 quibusdam
1117 2973 1352 3060 personaliter
1378 2983 1415 3040 et
1443 2975 1657 3061 quibusdam
1690 2995 1755 3063 per
1788 2985 2035 3063 procuratores

526 3123 646 3173 coram
682 3105 786 3173 nobis
821 3105 860 3172 in
892 3105 1054 3176 Ecclesia
1090 3104 1260 3174 Omnium
1292 3105 1505 3175 Sanctorum
1529 3109 1708 3197 ‚pmdicta
1749 3111 2036 3199 comparentibus

526 3243 781 3330 processimusr
821 3207 886 3332 per
923 3265 1031 3332 quam
1068 3243 1282 3314 inuenimus·
1304 3249 1400 3334 quod
1437 3248 1523 3316 olim
1563 3249 1660 3316 dicta
1694 3248 1897 3318 fraternitas
1931 3269 2036 3317 voca·

527 3381 632 3448 batur
659 3381 750 3464 3ilda
778 3401 842 3450 seu
869 3381 997 3450 Fraria
1024 3383 1289 3452 communitatis
1316 3383 1402 3452 cleri
1429 3395 1467 3453 et
1497 3387 1623 3474 populi
1652 3372 1844 3470 Bristollie,
1876 3397 1912 3454 et
1937 3389 2037 3454 locus

527 3519 819 3606 congregacionis
846 3518 994 3588 fratum
1020 3530 1057 3589 et
1085 3523 1245 3590 sororum
1273 3521 1431 3609 ejusdem
1460 3521 1527 3592 firlt
1546 3523 1699 3592 vsitatus
1720 3522 1816 3609 apud
1838 3520 2036 3590 Ecclesiam

527 3657 660 3729 Sancte
695 3657 894 3739 Trinitatis,
930 3659 1124 3742 Bristollie,
1162 3661 1381 3748 temporibus
1423 3660 1608 3750 Aylwardi
1649 3659 1760 3727 Mean
1803 3670 1840 3728 et
1875 3659 2036 3728 Bristrici

526 3797 591 3865 filii
620 3797 789 3885 ejusdem,
818 3797 1041 3865 dominorum
1069 3797 1164 3866 dicte
1191 3797 1277 3866 ville
1306 3809 1390 3866 ante
1418 3810 1650 3889 conquestum
1678 3797 1842 3866 ultimum
1877 3797 2034 3884 Anglie;

528 3933 628 4020 cujus
656 3931 745 4016 silde
769 3941 807 4001 et
834 3931 957 4000 Frarie
987 3933 1200 4022 principium
1229 3935 1435 4002 memoriam
1463 3933 1619 4002 hominis
1646 3933 1805 4010 excedit;
1849 3941 1932 4018 post
1952 3949 2036 3998 vero

526 4078 757 4156 conquestum
786 4069 1004 4157 temporibus
1032 4068 1206 4138 erlclmi
1234 4071 1402 4140 Bastardi
1427 4093 1470 4140 ac
1497 4071 1671 4142 Willelmi
1699 4069 1786 4139 Rufi
1808 4082 1846 4140 et
1875 4068 2035 4152 Raurici,

527 4207 672 4296 Regum
707 4207 842 4296 Anglie
877 4207 1056 4295 gradatim
1093 4211 1371 4294 succedencium,
1409 4231 1548 4279 necnon
1578 4208 1729 4278 Roberti
1756 4205 1823 4274 filii
1859 4205 2038 4274 Hermonis

528 4345 694 4414 Consulis
738 4343 958 4414 Gloucestn'e
1001 4365 1044 4414 ac
1087 4347 1222 4416 domini
1270 4347 1462 4428 Bristollie,
1507 4367 1549 4416 ac
1591 4345 1789 4414 fraudatoris
1831 4341 2037 4412 monasterii

525 4483 776 4563 Teukesburie,
807 4493 845 4550 et
880 4485 1135 4570 subsequenter
1167 4494 1327 4573 tempore
1362 4483 1498 4553 domini
1534 4483 1709 4572 Stephani
1746 4482 1863 4570 Regis
1899 4480 2035 4568 Anglie

527 4621 701 4710 capientis
728 4621 851 4688 villam
880 4621 1037 4688 Bristoll.
1062 4642 1128 4709 per
1162 4641 1326 4710 guerram
1363 4627 1408 4692 de
1445 4623 1605 4691 Roberto
1636 4621 1775 4690 comite
1804 4617 2035 4701 Gloucestrie,

526 4757 712 4826 fundatore
741 4757 918 4843 prioratus
947 4755 1073 4826 Sancti
1095 4758 1221 4843 Jacobi
1246 4771 1283 4828 et
1306 4759 1423 4830 Castri
1451 4760 1631 4828 Bristollie
1660 4779 1702 4826 ac
1731 4756 1899 4826 dominor
1956 4752 2036 4842 Quo

527 4893 633 4980 Rege
662 4892 846 4982 Stephano
874 4893 1051 4978 defuncto,
1080 4905 1240 4983 tempore
1267 4897 1402 4964 domini
1430 4896 1578 4964 Henrici
1606 4895 1673 4963 filii
1697 4894 1849 4962 Matilde
1877 4891 2036 4976 Impera·

528 5031 636 5112 tricis,
680 5031 798 5119 Regis
832 5031 979 5119 Anglie,
1016 5032 1162 5120 quidam
1198 5033 1379 5103 Robertus
1416 5034 1584 5123 Harding
1618 5032 1807 5122 burgensis
1842 5027 2035 5109 Bristollie,

527 5187 592 5254 per
621 5185 831 5236 consensum
867 5168 955 5236 dicti
992 5169 1109 5256 Regis
1148 5169 1296 5240 Henrici
1334 5182 1372 5242 et
1412 5171 1564 5240 Roberti
1604 5169 1765 5253 Comitis,
1805 5187 1848 5236 ac
1885 5165 2035 5234 aliorum

1175 5315 1265 5368 ¹115.
1282 5316 1387 5370 dommi.
