5224 6596
854 819 951 910 tlte
975 817 1114 910 little
1137 818 1236 910 aleb
1259 820 1389 913 Boot
1413 822 1464 913 ot
1493 817 1680 916 llrutol
1947 847 2014 922 ηε

516 1039 792 1128 redempcionas,
820 1039 938 1108 exitus
966 1048 1004 1107 at
1032 1037 1316 1118 ammmanmta,
1345 1053 1389 1104 ac
1418 1035 1490 1105 alia
1517 1033 1674 1123 prolicua
1701 1053 1922 1124 quecumque
1949 1053 2020 1123 que

519 1175 567 1242 ad
592 1176 787 1262 predictam
814 1175 949 1256 villam,
976 1173 1145 1243 suburbia
1168 1183 1205 1241 et
1229 1173 1449 1260 procinctum
1472 1173 1631 1242 eiusdem
1655 1173 1833 1260 pertinere
1856 1174 2021 1260 poterint,

520 1333 590 1400 que
616 1333 682 1400 per
708 1312 851 1382 eosdem
879 1311 1053 1380 Maiorem
1081 1321 1120 1378 et
1151 1309 1449 1380 communitatem
1478 1318 1516 1379 et
1544 1329 1665 1378 eorum
1696 1329 1915 1379 successores
1943 1310 2021 1380 siue

518 1448 653 1518 auxilio
681 1448 817 1538 prefate
851 1447 995 1518 domine
1028 1446 1172 1536 Regina
1206 1447 1264 1515 vel
1303 1447 1543 1514 ministrorum
1581 1467 1726 1516 suorum
1762 1446 1802 1514 ln
1843 1445 2023 1516 scaccario

519 1585 605 1656 dicti
625 1585 762 1654 domini
784 1585 900 1674 Regls
918 1585 1050 1652 babere
1064 1581 1146 1672 (sa),
1160 1583 1279 1652 Ιοναιε
1294 1581 1363 1673 (sic)
1383 1585 1530 1653 minima
1547 1593 1724 1673 poterunt,
1745 1585 1842 1671 quod
1860 1584 1940 1670 ipsa
1957 1602 2023 1669 per

518 1723 699 1792 ministros
724 1742 808 1790 suos
832 1741 898 1809 pro
922 1731 1081 1809 tempore
1104 1719 1299 1790 existentes
1323 1721 1448 1790 eadem
1470 1719 1572 1802 fines,
1595 1722 1870 1808 redempciones,
1893 1720 2021 1800 exitus,

519 1859 792 1928 amarciamanta
818 1868 857 1927 at
885 1857 1005 1926 omnia
1033 1857 1106 1926 alia
1129 1853 1287 1945 proficua
1315 1877 1384 1945 que
1413 1861 1459 1924 ad
1489 1858 1604 1944 ipsam
1636 1857 1817 1946 Reginam
1845 1858 2022 1944 portinere

518 1998 725 2066 debuissent
752 1998 798 2064 de
824 1995 921 2078 villa,
952 1994 1130 2063 suburbiis
1156 2001 1194 2062 et
1218 1993 1402 2079 procinctu
1427 1993 1596 2074 eiusdem,
1623 1994 1669 2060 ad
1699 2012 1789 2079 opus
1815 1991 2024 2060 Maioriani

520 2132 794 2202 Communitatia
830 2134 914 2200 ville
953 2131 1111 2219 predicte
1146 2138 1185 2198 at
1222 2148 1343 2198 eorum
1384 2149 1626 2198 successorum
1667 2130 1802 2198 eisdem
1842 2129 1948 2196 modo
1987 2139 2025 2197 et

519 2271 633 2340 forma
664 2270 897 2357 calumpniari
932 2279 969 2336 et
1005 2267 1115 2335 levari
1150 2266 1281 2350 faciat,¹
1310 2276 1347 2336 et
1379 2267 1513 2336 eisdem
1543 2267 1672 2335 Maiori
1701 2276 1740 2334 et
1770 2261 2026 2335 communitati

519 2419 556 2478 et
592 2427 713 2476 eorum
749 2405 1008 2474 successoribus
1044 2405 1129 2472 inde
1163 2405 1425 2472 racionabiliter
1460 2405 1605 2474 allocari
1633 2405 1725 2474 sicut
1760 2424 1805 2472 ea
1838 2404 1886 2471 ad
1920 2423 2022 2473 usum

521 2543 656 2631 prefate
681 2542 824 2610 domine
845 2541 989 2630 Raglne
1009 2549 1117 2608 autea
1137 2541 1248 2610 levari
1270 2551 1306 2610 et
1331 2541 1565 2628 calumpniari
1586 2550 1843 2610 consueverunt
1864 2541 2024 2608 raciona-

521 2677 653 2745 bilibus
677 2676 844 2762 expensls
868 2686 905 2743 et
934 2675 1103 2764 costaglis
1131 2678 1368 2763 predictorum
1397 2678 1546 2747 Maioris
1574 2689 1611 2746 et
1641 2677 1923 2747 Communitatis.
1979 2675 2024 2744 In

522 2813 622 2881 cuius
645 2812 697 2880 rei
718 2812 959 2881 testimonium
984 2812 1047 2880 vni
1065 2813 1159 2898 parti
1181 2812 1288 2881 buius
1311 2814 1497 2882 ludentum
1522 2831 1632 2900 penes
1653 2811 1832 2899 predictos
1851 2811 2025 2880 Maiorem

521 2958 557 3017 et
594 2947 890 3018 communitatem
926 2950 1123 3018 manenti
1158 2950 1282 3020 eadent
1325 2951 1470 3020 domina
1513 2959 1635 3018 nosue
1676 2949 1822 3038 Regina
1868 2948 2025 3036 sigillum

521 3105 625 3154 suum
655 3085 831 3172 apposuit.
885 3087 1003 3154 Alteri
1031 3095 1115 3156 vero
1142 3089 1237 3174 parti
1273 3087 1429 3156 eiusdem
1467 3088 1652 3156 indenturo
1687 3105 1798 3173 panes
1832 3085 2028 3172 predictam

522 3225 703 3292 dominam
739 3223 920 3311 Reginam
955 3224 1153 3292 mmanauti
1192 3223 1351 3312 sigillum
1389 3243 1575 3292 commune
1613 3223 1699 3292 vllle
1741 3223 1898 3310 predicte
1940 3239 2028 3289 vna·

524 3379 604 3428 cum
641 3359 761 3446 sigillo
789 3357 934 3426 maioris
963 3359 1121 3426 eiusdem
1148 3359 1234 3428 ville
1263 3367 1319 3425 ast
1347 3375 1553 3443 appensum.
1612 3354 1747 3422 Dauum
1775 3353 1872 3439 apud
1906 3351 2028 3420 Wast·

522 3494 774 3564 monasterium
798 3492 967 3562 vicesimo
990 3503 1116 3562 octavo
1140 3493 1200 3560 die
1224 3490 1447 3570 Novembris,
1472 3491 1581 3558 Anno
1606 3489 1709 3576 regni
1734 3487 1851 3575 Regis
1877 3485 2026 3557 Raurici

522 3637 639 3726 quarti
663 3647 748 3726 post
773 3647 1003 3722 conquestum
1029 3636 1167 3704 decimo
1191 3631 1323 3726 [r4oi].

654 3957 782 4026 “Nota
809 3961 905 4046 quod
934 3957 1160 4034 Smcscallus
1187 3970 1225 4028 et
1256 3959 1485 4028 marescassus
1515 3966 1577 4025 aut
1605 3955 1753 4026 clericus
1780 3957 1927 4025 mercati
1955 3975 2027 4025 non

525 4105 672 4173 sedeam
694 4099 787 4170 infra
808 4101 1057 4171 libertatam'’:
1091 4121 1140 4170 an
1167 4111 1306 4170 extrem
1332 4101 1422 4170 from
1451 4104 1513 4169 the
1541 4101 1681 4170 cbarter
1707 4099 1751 4168 ot
1776 4099 1937 4168 Richard
1965 4097 2026 4182 IL,

524 4247 632 4314 dated
671 4265 685 4312 r
724 4242 841 4329 April,
880 4243 960 4328 rptb
994 4261 1081 4330 year
1122 4242 1164 4310 of
1204 4242 1262 4310 his
1308 4242 1411 4331 reign
1458 4239 1578 4333 [¹39⁶]
1626 4252 1663 4309 to
1703 4242 1765 4309 tlra
1803 4239 1908 4309 effect
1947 4241 2027 4308 that

524 4391 586 4456 the
621 4386 782 4457 Steward
821 4387 893 4454 and
933 4387 1088 4454 marshal
1127 4406 1169 4455 or
1211 4387 1308 4456 clarlr
1350 4387 1392 4457 of
1428 4387 1491 4468 tbe
1533 4387 1671 4454 markst
1712 4384 1755 4454 of
1792 4386 1854 4454 the
1894 4383 2027 4472 King'a

526 4529 735 4600 Housebold
776 4549 861 4620 may
898 4539 962 4599 not
998 4530 1047 4600 sit
1090 4529 1214 4598 within
1253 4529 1316 4596 tlra
1343 4527 1509 4596 liberties
1552 4525 1594 4595 oi
1631 4528 1694 4594 the
1733 4527 1813 4595 said
1851 4535 1945 4595 town
1992 4523 2034 4596 oi

527 4673 672 4758 Brietol,
704 4683 772 4743 stc.

653 4817 813 4900 Purser,
840 4817 927 4886 with
955 4815 1176 4899 irmalation,
1205 4815 1244 4884 in
1272 4813 1413 4904 Sepeia
1452 4813 1621 4898 caman,
1656 4813 1724 4882 No.
1762 4811 1869 4882 xlx
1906 4833 1942 4902 p.
1973 4833 2027 4899 9³»

523 4959 726 5048 beginning
752 4959 823 5029 last
850 4959 935 5030 lina.

1174 5147 1185 5180 ²
1203 5147 1266 5202 IIS.
1276 5147 1378 5201 halani.
