5224 6596
588 887 661 962 218
922 878 1019 970 libe
1043 876 1305 971 littletlco
1330 880 1459 972 bools
1484 879 1535 970 ot
1564 881 1750 973 timetot

584 1115 665 1164 cum
708 1103 934 1180 neumpmato
975 1093 1063 1162 dicti
1105 1093 1338 1162 anniuersarii
1387 1094 1678 1163 interessentibus
1730 1104 1767 1166 et
1816 1097 2089 1178 celebrantibus,

582 1231 728 1300 cuilibet
763 1251 883 1299 aomm
920 1229 1017 1318 iiijd„
1053 1239 1090 1298 et
1127 1230 1270 1300 cuilibet
1307 1235 1498 1302 conuentui
1533 1243 1684 1321 quatuor
1724 1236 1888 1304 ordinum
1925 1237 2089 1307 Fratrum

581 1368 859 1438 mendicantium
904 1369 999 1437 dicte
1041 1367 1127 1434 ville
1170 1368 1260 1436 duos
1296 1369 1430 1436 solidos
1464 1379 1501 1438 et
1537 1389 1602 1438 sex
1638 1372 1814 1454 denarios,
1851 1375 1883 1440 si
1919 1375 2088 1462 predictis

581 1505 701 1574 missis
729 1515 767 1574 et
794 1505 955 1592 exequiis
983 1504 1226 1591 solempnibus
1254 1505 1424 1573 interesse
1452 1507 1638 1590 voluerint,
1669 1507 1805 1579 Clerico
1826 1510 1921 1579 dicte
1941 1513 2088 1581 ecclesie

582 1641 645 1727 qui
679 1660 745 1726 pro
779 1648 938 1725 tempore
973 1638 1078 1706 fuerit
1120 1659 1186 1726 pro
1228 1642 1355 1708 classis
1396 1641 1582 1728 pulsandis
1625 1645 1664 1711 in
1707 1646 1803 1714 dicto
1846 1649 2088 1719 anniuersario

581 1779 767 1848 duodecim
817 1777 982 1846 denarios
1030 1788 1068 1844 et
1118 1777 1322 1864 suffiegano
1372 1779 1466 1848 dicte
1516 1779 1665 1848 ecclesie
1715 1801 1779 1849 sex
1826 1783 2001 1864 denarios,
2051 1797 2087 1854 et

580 1915 791 1984 Redmanno
831 1916 964 1983 dictum
1006 1915 1284 1982 anniuersarium
1321 1915 1359 1983 in
1395 1916 1482 1983 villa
1515 1918 1751 2002 proclamanti
1786 1919 1877 1988 duos
1912 1922 2086 2004 denarios,

581 2071 718 2120 necnon
747 2051 953 2119 custodibus
981 2049 1075 2118 dicte
1103 2051 1251 2119 ecclesie
1279 2052 1341 2138 qni
1369 2072 1435 2138 pro
1463 2063 1623 2140 tempore
1657 2052 1788 2121 fuerint
1824 2057 1913 2124 duos
1942 2059 2086 2140 solidos,

580 2189 735 2258 aceciam
771 2207 837 2256 sex
872 2187 1006 2254 solidos
1041 2195 1078 2254 et
1114 2197 1194 2254 octo
1238 2187 1403 2254 denarios
1446 2188 1493 2254 ad
1529 2187 1782 2257 inueniendum
1819 2191 1908 2258 duos
1944 2193 2088 2262 tortices

579 2331 820 2411 competenter
847 2323 1012 2390 ardentes
1040 2323 1078 2389 in
1106 2322 1165 2390 die
1199 2323 1287 2390 dicti
1323 2323 1556 2390 anniuersarii
1592 2325 1663 2390 mei
1699 2326 1797 2393 omni
1833 2346 1938 2409 anno,
1975 2337 2012 2396 et
2048 2328 2086 2396 in

580 2459 782 2526 eleuacione
809 2457 1031 2526 Sacramenti
1059 2459 1097 2524 in
1126 2458 1245 2526 missis
1274 2477 1339 2544 per
1366 2458 1500 2527 dictum
1525 2461 1708 2528 dominum
1737 2461 1857 2530 David
1886 2475 1923 2531 et
1948 2483 2086 2533 succes-

580 2616 678 2664 sores
715 2613 798 2664 suos
837 2595 1058 2664 celebrandis
1094 2596 1246 2684 singulis
1283 2597 1408 2664 diebus
1444 2596 1559 2664 indies
1597 2598 1873 2686 imperpetuumr
1919 2621 1990 2685 qno
2024 2603 2083 2671 die

580 2735 814 2804 anniuusarii
855 2734 927 2804 mei
969 2734 1185 2804 distribuant
1223 2735 1320 2802 omni
1357 2754 1452 2801 enno
1489 2733 1605 2802 dictus
1640 2734 1761 2803 David
1794 2745 1832 2804 et
1867 2757 2087 2807 successores

580 2872 636 2940 sui
678 2873 800 2939 decem
844 2871 978 2940 solidos
1021 2871 1060 2938 in
1103 2891 1197 2958 pane
1236 2871 1453 2958 pauperibus
1497 2871 1756 2960 imperpetuum
1792 2893 1857 2960 per
1897 2875 2014 2943 visum
2050 2887 2087 2944 et

579 3011 842 3080 ordinacionem
870 3008 994 3076 vicarii
1022 3018 1059 3076 et
1087 3009 1271 3075 custodum
1301 3008 1395 3076 dicte
1423 3009 1571 3076 ecclesie
1591 3009 1654 3095 qni
1675 3029 1740 3096 pro
1760 3020 1920 3098 ternpore
1941 3011 2080 3080 luerint.

579 3147 761 3218 Soluendo
802 3145 916 3214 eciam
960 3143 1089 3214 Maiori
1124 3144 1209 3213 ville
1246 3143 1427 3212 Brlstollie
1463 3145 1561 3211 omni
1598 3165 1692 3212 anno
1728 3146 1790 3232 qui
1826 3167 1892 3234 pro
1927 3159 2086 3236 tempore

577 3284 682 3356 nest
710 3293 783 3352 tres
811 3281 946 3352 muros
981 3289 1018 3350 et
1054 3257 1206 3369 quatuor
1241 3283 1415 3366 nmmos,
1452 3284 1661 3354 vicecomis
1693 3285 1851 3372 ejusaem
1879 3287 1964 3356 vius
1996 3291 2087 3359 duos

578 3423 722 3505 solidos,
752 3421 889 3490 clerico
918 3421 963 3489 de
992 3421 1030 3488 la
1058 3417 1211 3490 Gibalde
1240 3421 1425 3490 duodecim
1448 3422 1622 3504 denarios,
1646 3422 1797 3490 Balliuis
1817 3433 1854 3492 et
1876 3423 2086 3494 cinerariis

577 3563 672 3632 dicte
699 3561 795 3642 ville,
823 3559 969 3628 cuilibet
997 3577 1117 3628 eorum
1153 3561 1339 3628 duodecim
1375 3560 1550 3638 denados,
1586 3569 1624 3626 et
1660 3570 1812 3645 quatuor
1848 3562 2082 3630 seruientibus

578 3697 732 3768 Gihalde
764 3695 942 3764 sexdecim
978 3694 1153 3776 denarios,
1191 3695 1356 3762 videlicet
1391 3695 1536 3764 cuilibet
1572 3714 1691 3762 eorum
1728 3705 1879 3781 quatuor
1910 3699 2086 3782 denarios,

577 3835 624 3902 nd
675 3833 955 3902 interessendum
1018 3831 1252 3918 personaliter
1317 3832 1425 3900 misse
1496 3832 1671 3918 solempni
1737 3833 1782 3900 de
1847 3835 1968 3920 requie
2025 3835 2117 3903 dis·

577 3971 811 4042 anniuersarii
874 3970 945 4038 mei
1003 3979 1041 4036 et
1099 3970 1146 4036 ad
1211 3969 1508 4056 superuidendum
1577 3971 1672 4057 quod
1746 3969 1881 4056 singuli
1945 3969 2086 4038 mtictili

576 4109 752 4198 presentis
801 4105 1040 4175 ordinacionis
1089 4103 1239 4176 fideliter
1289 4117 1325 4175 et
1372 4107 1450 4174 sine
1492 4107 1615 4177 fraude
1654 4107 1759 4193 juxta
1802 4117 1925 4174 votum
1969 4127 2086 4176 meum

523 4223 526 4230 “
577 4245 813 4334 peresam
856 4245 1015 4314 Etvolo
1045 4245 1200 4330 quodsi
1229 4244 1358 4331 aliquis
1387 4244 1527 4312 norum
1564 4246 1695 4312 absens
1729 4242 2087 4312 castricensis

580 4383 748 4451 soluatur.
800 4381 857 4450 Ac
896 4381 1009 4449 eciam
1051 4380 1167 4448 soluet
1206 4381 1365 4468 quolibet
1409 4401 1504 4449 anno
1547 4381 1753 4450 custodibus
1795 4381 1890 4449 dicte
1933 4381 2084 4450 ecclesie

580 4521 701 4586 decem
731 4517 864 4586 solidos
900 4519 946 4584 ad
981 4517 1251 4586 sustentandum
1288 4518 1468 4603 quandam
1504 4517 1707 4604 lampadem
1744 4517 1927 4584 ardentem
1966 4535 2084 4582 coram

580 4655 693 4722 altare
720 4655 836 4722 beate·
853 4653 969 4722 Maris
997 4653 1035 4720 in
1064 4653 1188 4720 eadem
1217 4653 1377 4722 ecclesia.
1422 4655 1469 4722 Et
1494 4653 1526 4722 si
1555 4655 1672 4723 dictus
1693 4653 1858 4722 dominus
1887 4653 2007 4722 David
2028 4654 2087 4721 vel
2221 4681 2223 4684 ·

579 4793 657 4880 ejus
692 4809 912 4860 successores
948 4787 1132 4876 Capellani
1168 4788 1362 4856 induturum
1397 4791 1436 4858 in
1475 4791 1635 4877 predicte
1678 4791 1904 4860 ordinacione
1947 4791 2004 4859 vel
2048 4790 2087 4857 in

580 4929 699 5014 aliquo
729 4925 877 4994 articulo
904 4927 1063 5014 predicte
1090 4922 1328 4993 ordinacionis
1356 4924 1522 4994 defecerit
1550 4929 1608 4995 vel
1628 4927 1832 5008 defecerint,
1854 4927 1950 5014 qnod
1979 4927 2084 5008 absit,

579 5073 709 5134 extunc
737 5065 819 5132 volo
848 5073 886 5132 et
910 5063 1035 5132 ordino
1063 5063 1158 5148 quod
1186 5063 1278 5130 ben'e
1305 5063 1412 5132 liceat
1448 5063 1578 5151 Maiori
1607 5065 1692 5132 ville
1725 5065 1917 5147 Bristollie,
1953 5063 2087 5133 vicario

579 5211 616 5270 et
645 5201 850 5268 custodibus
879 5200 973 5268 dicte
1002 5197 1149 5268 ecclesie
1177 5207 1214 5266 et
1250 5198 1439 5268 heredibus
1474 5203 1564 5272 meis
1596 5213 1634 5272 et
1669 5223 1789 5271 eorum
1825 5201 2085 5276 successoribus
