5294 6592
667 871 712 944 52
1003 848 1100 940 (the
1124 848 1386 940 1111131131
1411 851 1615 943 1133131
1646 851 1835 944 instet

852 1082 1304 1161 SACRAMENTUM
1350 1083 1694 1162 SERVIENTIS
1740 1085 1983 1164 MARINE.

793 1257 868 1324 Ceo
890 1266 991 1344 oyetz
1006 1277 1095 1325 vous
1108 1258 1219 1324 133133
1234 1259 1276 1322 ut
1285 1261 1399 1344 supra.
1444 1257 1493 1324 Et
1514 1259 1704 1344 elplustost
1724 1278 1770 1344 qe
1790 1259 1854 1326 nul
1871 1259 2084 1328 mercheunt
2099 1270 2181 1350 soyt

666 1415 777 1462 venus
792 1395 866 1461 313
880 1395 973 1482 kaye
988 1395 1034 1460 od
1049 1396 1132 1462 nule
1153 1395 1423 1464 mercheundise
1444 1405 1481 1464 et
1501 1395 1536 1462 le
1557 1395 1766 1462 marcheunt
1786 1415 1844 1464 me
1864 1416 2015 1486 veygne,
2039 1397 2096 1466 133
2117 1399 2180 1486 luy

669 1553 807 1621 merray
835 1543 1091 1621 meynteneunt
1115 1534 1270 1601 deveunt
1295 1535 1349 1601 les
1372 1543 1568 1602 custumers
1590 1553 1658 1619 pur
1678 1533 1825 1620 illeoqes
1846 1533 1934 1601 faire
1955 1553 1997 1602 33
2019 1545 2178 1604 custume

666 1671 794 1737 solonk
823 1690 885 1738 333
915 1691 963 1756 qe
991 1692 1033 1738 33
1061 1672 1332 1739 mercheundise
1360 1681 1504 1759 eppent-
1562 1671 1611 1738 Et
1640 1671 1813 1738 dilleokes
1842 1690 1951 1739 seunz
1981 1672 2088 1760 delay
2115 1673 2179 1761 luy

667 1827 806 1894 merrey
823 1827 864 1875 33
879 1809 1085 1876 collecteurs
1101 1809 1147 1876 de
1166 1811 1308 1898 keyege
1329 1820 1366 1878 et
1387 1829 1534 1898 marego
1555 1810 1600 1876 de
1621 1807 1768 1896 illeoqee
1789 1807 1878 1876 faire
1900 1827 1963 1876 333
1984 1829 2030 1896 qe
2052 1831 2179 1878 resono

667 1946 864 2012 demeunde
880 1965 988 2014 seunz
1004 1946 1080 2012 rien
1095 1949 1245 2034 prendre
1267 1958 1458 2016 encountre
1476 1949 1514 2014 13
1526 1948 1691 2015 13133133
1713 1947 1762 2014 du
1785 1947 1858 2015 dist
1879 1947 2088 2014 mmehsunt
2112 1967 2179 2034 par

666 2084 787 2150 colour
811 2085 856 2152 de
879 2104 964 2152 mon
989 2083 1099 2152 offiee.
1145 2086 1193 2153 Et
1216 2087 1412 2174 loyelment
1424 2087 1598 2174 garderey
1618 2086 1672 2152 les
1686 2105 1819 2152 marrez
1834 2105 1930 2172 euxy
1941 2085 2026 2152 bien
2040 2087 2086 2154 de
2100 2085 2178 2152 nuit

667 2239 766 2286 seme
781 2222 826 2288 de
848 2221 925 2287 iour
947 2241 1055 2288 seunz
1077 2223 1140 2287 nul
1165 2223 1261 2302 beet,
1284 2223 1382 2290 batel
1404 2241 1452 2289 ou
1474 2221 1567 2309 nyess
1590 2241 1637 2288 ou
1662 2240 1771 2288 escun
1801 2223 2010 2288 marchaunt
2036 2219 2179 2288 soeffrer

664 2377 797 2444 passer,
820 2379 867 2425 ou
881 2359 956 2424 rien
971 2360 1034 2426 dee
1044 2360 1146 2427 biens
1160 2361 1194 2426 le
1209 2359 1281 2426 dist
1295 2359 1503 2426 mercheunt
1517 2379 1540 2426 3
1553 2367 1645 2426 terre
1659 2367 1785 2424 mettre
1799 2378 1888 2444 eynz
1902 2377 1966 2425 333
1987 2359 2049 2445 qyl
2071 2379 2177 2426 avere

665 2493 730 2561 1311
752 2515 810 2563 333
833 2511 1012 2564 custumes
1031 2499 1129 2564 dues.
1173 2497 1222 2564 Et
1246 2517 1289 2584 sy
1302 2497 1384 2584 plus
1397 2497 1461 2564 des
1475 2497 1588 2583 byeus
1603 2505 1729 2582 soyent
1749 2506 1867 2563 trevez
1888 2515 1934 2582 qe
1954 2497 2111 2564 deveunt
2132 2516 2177 2563 ne

669 2641 984 2719 seyentcustumez
998 2633 1055 2701 133
1068 2634 1123 2701 133
1140 2635 1356 2723 attecherey.
1400 2633 1449 2701 Et
1473 2635 1508 2701 le
1530 2635 1603 2702 (1131
1625 2633 1865 2701 attachment
1885 2634 2116 2701 entierement
2137 2652 2178 2700 33

669 2769 759 2836 distz
789 2779 985 2838 custumers
1012 2782 1249 2859 presenterey.
1294 2771 1342 2838 Et
1367 2773 1429 2838 nul
1457 2772 1563 2840 home
1588 2773 1776 2859 delayerey
1800 2791 1867 2858 per
1891 2790 1997 2840 cause
2020 2772 2065 2838 de
2090 2791 2177 2858 ryen

667 2907 817 2991 prendre
832 2907 877 2972 de
890 2908 962 2992 luy.
1006 2906 1055 2974 Et
1068 2910 1163 2995 byen
1177 2922 1214 2976 et
1228 2909 1423 2994 loyelment
1436 2909 1513 2995 frey
1534 2910 1586 2976 les
1608 2909 1866 2976 attechementz
1888 2919 1924 2975 31
1945 2907 2175 2976 33331ιοί3333

570 3073 578 3089 ·
670 3061 765 3127 auxy
779 3042 873 3128 byen
896 3063 919 3110 3
941 3053 1040 3110 seute
1060 3046 1105 3111 de
1126 3055 1252 3132 partye
1265 3065 1365 3114 come
1379 3066 1445 3132 per
1458 3045 1751 3113 comaundement
1764 3047 1829 3114 des
1843 3045 1958 3112 Meire
1972 3053 2009 3113 et
2023 3043 2173 3112 Bsillifs

669 3179 725 3246 Ne
747 3181 837 3246 31113
850 3201 937 3266 ryen
960 3183 1020 3266 qel
1043 3181 1149 3269 profit
1170 3183 1215 3250 de
1234 3184 1273 3250 13
1291 3203 1475 3251 commune
1494 3183 1623 3252 3111331
1642 3203 1689 3252 33
1707 3183 1922 3272 concelerey.
1966 3183 2015 3250 Et
2035 3185 2073 3250 13
2091 3203 2176 3270 peez

672 3328 774 3385 notre
799 3339 955 3407 seygnur
980 3321 1014 3388 le
1034 3321 1115 3408 Rey
1140 3340 1186 3388 en
1210 3331 1305 3388 ceste
1323 3321 1407 3390 ville
1425 3342 1449 3389 3
1467 3341 1551 3389 mon
1566 3322 1667 3409 poair
1680 3323 1912 3410 mentendrey
1924 3329 1961 3388 et
1975 3319 2175 3409 defendrey.

667 3455 714 3522 Et
729 3465 821 3524 tetes
835 3459 942 3526 altres
957 3459 1081 3526 choses
1095 3461 1342 3544 appendauntz
1360 3481 1384 3526 3
1405 3479 1490 3528 mon
1512 3457 1612 3528 office
1636 3461 1731 3547 byen
1756 3469 1792 3528 31
1817 3459 2012 3546 loyalment
2032 3457 2111 3546 frey
2132 3478 2174 3544 sy

668 3595 760 3680 dyeu
774 3613 856 3678 mey
870 3595 960 3677 eide,
976 3605 1042 3664 ete.

764 3870 1214 3949 SACRAMENTUM
1256 3872 1371 3952 PRO
1424 3872 1716 3952 CANTARIA
1766 3871 2076 3951 FACIENDA.

798 4047 864 4132 Jeo
889 4049 968 4137 frey
993 4051 1186 4138 loyelment
1206 4052 1244 4119 13
1268 4051 1471 4118 cheunterie
1491 4071 1558 4138 pur
1577 4053 1684 4118 lelme
1704 4049 1748 4117 N.
1765 4049 1868 4136 quele
1882 4049 1938 4115 133
1954 4066 1996 4114 su
2010 4047 2175 4134 assignes

669 4186 713 4252 de
727 4184 815 4254 faire
829 4187 862 4252 el
871 4187 984 4272 eglise
997 4189 1042 4255 de
1057 4187 1106 4254 K
1121 4198 1158 4255 et
1172 4207 1239 4274 pur
1252 4190 1286 4255 le
1301 4187 1504 4255 3331331331
1518 4197 1618 4256 notre
1632 4207 1788 4274 seygnur
1801 4189 1835 4254 le
1846 4185 1929 4272 Rey
1939 4194 1976 4252 et
1985 4186 2024 4251 13
2034 4183 2175 4270 Reyne,

669 4323 703 4388 le
729 4320 845 4388 Matre
874 4331 910 4388 et
939 4323 976 4389 13
1004 4325 1240 4392 eommunelte
1261 4326 1307 4392 de
1328 4325 1371 4392 B.
1400 4336 1437 4394 et
1458 4346 1526 4413 pur
1552 4327 1606 4394 les
1627 4325 1740 4394 almes
1760 4327 1805 4393 de
1826 4326 1906 4392 leur
1927 4323 2177 4410 progenitours

668 4469 708 4526 et
722 4468 817 4528 toutz
833 4460 1007 4529 cristiens.
1051 4461 1100 4529 Et
1114 4481 1234 4550 serrey
1247 4483 1271 4529 3
1284 4463 1337 4532 133
1350 4463 1479 4530 heures
1492 4463 1681 4532 cenoneles
1695 4483 1719 4530 3
1735 4481 1843 4530 moun
1865 4480 1986 4548 poeys
2010 4460 2047 4526 in
2068 4461 2176 4527 verbo

669 4596 874 4664 sacerdotis.
2165 4593 2169 4596 ’

802 4869 1251 4946 SACRAMENTUM
1301 4871 1557 4950 TESTIUM
1598 4869 2042 4951 PRODUCTORUM.

799 5045 900 5112 Nous
914 5045 1045 5112 veritee
1059 5046 1209 5114 dirroms
1224 5048 1268 5115 de
1283 5067 1346 5116 333
1367 5067 1412 5135 qe
1433 5067 1523 5116 noue
1544 5066 1695 5116 serroms
1712 5045 1862 5133 charges
1879 5045 1925 5113 de
1938 5043 1976 5110 13
1988 5061 2117 5131 proeve
2130 5043 2176 5108 de

671 5183 1472 5271 cestetestementdeveweetdeoyeete
