5224 6596
821 812 919 906 rue
941 810 1080 901 utttu
1104 745 1203 898 no
1227 805 1355 898 soon
1380 805 1430 896 or
1460 804 1646 896 erutor
1801 851 1803 855 ψ
1915 817 1984 906 1⁶³

487 1026 656 1095 heredum
696 1046 849 1108 suorum,
892 1044 1016 1092 omnes
1057 1022 1220 1092 homines
1258 1032 1297 1091 et
1334 1032 1495 1091 tenentes
1533 1021 1627 1102 illos,
1651 1031 1727 1090 tem
1754 1040 1875 1090 cotem
1904 1020 1984 1109 ipso

488 1163 776 1232 metuendissimo
804 1162 948 1230 domino
976 1181 1057 1228 meo
1085 1159 1191 1248 Repe
1220 1168 1259 1227 et
1292 1158 1480 1228 heredibus
1508 1157 1582 1226 suis
1606 1157 1644 1224 in
1674 1155 1895 1226 concellaria
1923 1177 1990 1224 sua

488 1309 526 1368 et
564 1300 732 1367 heredum
767 1318 919 1380 suonam,
956 1318 1064 1384 quam
1102 1316 1221 1365 coram
1256 1295 1491 1364 Tbesonrsrio
1526 1304 1563 1362 et
1605 1293 1807 1363 Batonibus
1841 1295 1917 1362 suis
1951 1303 1991 1362 et

487 1435 655 1503 beredm
698 1454 840 1502 suorum
884 1435 929 1501 de
975 1430 1173 1511 Smocario,
1223 1449 1361 1498 necnon
1404 1449 1523 1498 oornm
1565 1429 1777 1514 Justiciariis
1827 1428 1903 1496 suls
1951 1437 1989 1497 et

487 1573 657 1639 heredum
679 1589 821 1638 suorum
843 1569 1091 1637 itinerantibus
1114 1569 1162 1636 od
1186 1567 1388 1636 communis
1407 1567 1540 1654 placita
1564 1577 1601 1634 et
1624 1567 1670 1634 sd
1693 1565 1827 1652 placita
1847 1565 1989 1648 sorosoe,

487 1715 526 1774 et
548 1708 661 1774 eciam
686 1725 806 1774 coram
831 1704 1044 1789 Justiciariis
1067 1702 1141 1770 suis
1163 1711 1201 1770 et
1227 1702 1396 1770 heredum
1420 1721 1563 1768 suorum
1585 1703 1631 1768 de
1654 1701 1788 1783 Banoo,
1810 1711 1848 1768 et
1871 1700 1987 1770 eciam

263 1859 463 1972 mnffffl
489 1841 703 1923 senescallo,
734 1841 945 1910 Marescallo
974 1861 1017 1908 ac
1046 1839 1260 1908 Coronatore
1294 1837 1446 1925 hospicii
1475 1837 1530 1904 sui
1562 1848 1599 1905 et
1634 1838 1802 1932 heredum
1831 1857 1987 1919 suorum,

265 1993 463 2039 nmmum.
488 1989 525 2047 et
552 1979 679 2046 clerico
708 1980 753 2045 de
781 1987 936 2044 mercato
968 1997 1011 2044 ac
1046 1995 1164 2043 coram
1201 1972 1282 2041 aliis
1316 1971 1527 2056 Justiciariis
1562 1982 1599 2039 et
1634 1971 1805 2039 ministris
1841 1972 1916 2040 suis
1951 1983 1992 2040 et

488 2117 655 2184 heredum
699 2134 841 2183 suorum
884 2112 1172 2200 quibuscumque,
1223 2109 1313 2178 fines
1359 2129 1423 2177 seu
1464 2109 1729 2195 redempciones
1775 2109 1891 2177 fecere
1934 2111 1993 2178 vel

489 2253 671 2320 amerciari
699 2260 762 2318 aut
790 2249 991 2317 huiusmodi
1019 2249 1148 2328 exitus,
1177 2247 1319 2315 murdre
1348 2264 1411 2312 seu
1439 2243 1688 2325 fonsfacturas,
1720 2263 1864 2328 annum,
1893 2246 1988 2314 diem

486 2399 523 2456 et
565 2399 705 2456 vastum
756 2385 950 2452 adiudicari
1000 2383 1188 2470 contigerit
1228 2383 1317 2449 adeo
1360 2382 1466 2466 plene
1509 2390 1546 2447 et
1591 2379 1729 2467 integre
1775 2381 1867 2448 sicut
1909 2382 1987 2466 ipse

487 2522 794 2592 metuendissimus
830 2519 993 2588 dominus
1035 2538 1135 2585 meus
1172 2517 1255 2584 Rex
1290 2535 1334 2583 ea
1368 2515 1515 2582 haberet
1551 2515 1582 2582 si
1617 2515 1777 2602 predicta
1819 2517 1992 2598 dominia,

487 2659 655 2738 maneria,
692 2656 806 2738 villas,
851 2665 972 2734 terras,
1015 2663 1217 2722 tenemeuta
1253 2661 1290 2720 et
1332 2653 1412 2719 loca
1446 2652 1605 2737 predicte
1640 2651 1733 2719 inire
1769 2653 1988 2740 procinctum

487 2795 644 2864 eiusdem
667 2795 752 2860 ville
776 2794 814 2860 in
837 2812 945 2859 manu
974 2811 1040 2858 sua
1062 2791 1274 2869 retinuisset,
1308 2789 1464 2856 aoeciam
1493 2788 1585 2855 sicut
1614 2809 1680 2855 nos
1710 2807 1755 2856 es
1782 2790 1997 2858 haberemus

487 2929 617 2998 virtute
659 2928 925 2997 concessionum
967 2927 1203 3014 predictamm
1246 2924 1396 3012 predicti
1438 2924 1574 2992 domini
1615 2924 1685 2992 mei
1732 2925 1848 3014 Regis
1887 2909 1994 2995 nobis

487 3065 659 3134 lectarum
685 3065 715 3132 si
744 3064 869 3132 eedem
891 3064 1073 3130 libertates
1095 3072 1132 3128 et
1156 3060 1344 3149 privilegia
1366 3061 1404 3126 in
1427 3081 1535 3129 manu
1561 3071 1684 3130 nostra
1714 3062 1992 3145 retinuissemus,

489 3199 615 3268 Castro
639 3208 676 3265 et
703 3197 848 3266 fossatis
872 3197 1030 3264 eiusdem
1054 3195 1223 3282 exceptis,
1249 3195 1307 3262 Ita
1331 3196 1427 3281 quod
1456 3195 1527 3280 ipsi
1551 3194 1669 3262 Maior
1692 3205 1729 3264 et
1752 3196 1998 3266 Communitss

488 3336 645 3403 eiusdem
674 3336 758 3402 ville
787 3343 823 3400 et
852 3353 1072 3401 successores
1105 3331 1161 3399 sui
1193 3333 1240 3399 ad
1275 3340 1387 3400 totam
1423 3331 1534 3398 vitam
1571 3341 1729 3399 nostram
1744 3291 1751 3304 ο
1766 3353 1831 3420 per
1866 3354 1995 3402 manus

488 3472 699 3539 ballivorum
734 3481 771 3537 et
806 3468 1045 3536 ministrorum
1081 3487 1223 3534 suomm
1257 3465 1358 3548 fines,
1395 3467 1669 3553 redempciones,
1707 3469 1927 3537 reversiones
1956 3480 1998 3538 et

489 3609 763 3676 amercismente
797 3605 956 3673 omnium
990 3604 1173 3671 hominum
1209 3611 1246 3670 et
1281 3603 1480 3672 tenencium
1516 3605 1754 3689 predictorum
1784 3604 1875 3672 inira
1906 3625 1989 3693 pro·

492 3747 646 3812 cinctum
668 3743 752 3809 ville
780 3741 961 3809 Bristollie
983 3750 1023 3808 ut
1045 3739 1241 3826 predictum
1269 3749 1336 3821 est,
1361 3759 1404 3806 oc
1432 3739 1550 3806 exibis
1577 3737 1775 3808 forisfactos
1804 3749 1842 3808 et
1870 3741 1997 3808 omnia

493 3883 632 3971 quoad
658 3881 776 3968 ipsum
800 3879 1127 3948 metuendissimum
1153 3877 1335 3944 dominum
1361 3897 1478 3944 meum
1502 3875 1644 3964 Regem
1669 3887 1706 3944 et
1734 3877 1883 3946 heredes
1911 3898 1999 3946 suos

492 4023 550 4089 vel
570 4022 618 4087 ad
639 4038 705 4086 uos
726 4019 875 4084 durante
895 4015 971 4081 vita
991 4023 1112 4082 nostra
1132 4014 1262 4081 virtute
1284 4013 1548 4081 concessionum
1565 4013 1801 4100 predictarum
1820 4015 2000 4100 pertinere

493 4164 658 4245 potentnt
680 4154 726 4221 de
747 4171 853 4233 anno,
876 4150 934 4218 die
957 4159 993 4217 et
1013 4159 1126 4230 vasto,
1148 4147 1378 4216 forisfacturis
1398 4158 1436 4217 et
1457 4147 1609 4216 murdris
1630 4150 1676 4215 de
1696 4159 1733 4217 et
1753 4151 1793 4216 in
1814 4151 1993 4231 dominiis,

493 4290 671 4372 maneriis,
699 4288 813 4368 terris,
849 4285 1060 4353 tenementis
1095 4303 1139 4351 ac
1173 4283 1338 4350 omnibus
1374 4292 1411 4350 et
1446 4283 1598 4370 singulis
1633 4283 1722 4351 locis
1756 4285 1925 4371 predictis
1956 4295 1997 4353 et

493 4447 615 4496 eorum
649 4424 763 4492 feodis
800 4421 891 4489 infra
927 4421 1147 4507 procinctum
1183 4419 1267 4487 ville
1298 4419 1479 4486 Bristollie
1516 4419 1759 4501 existentibus,
1796 4419 1923 4488 Castro
1958 4434 1996 4491 et

493 4568 637 4637 fossatis
666 4565 823 4633 eiusdem
864 4561 980 4630 Castri
1018 4559 1187 4646 exceptis.
1226 4578 1297 4645 que
1336 4577 1455 4626 coram
1499 4557 1711 4640 Justiciariis
1748 4557 2001 4628 itinerantibus

494 4704 541 4772 sd
578 4703 699 4770 omnia
735 4699 868 4787 placita
904 4708 942 4766 et
980 4696 1115 4784 placita
1156 4694 1285 4764 foreste
1326 4715 1368 4762 ac
1405 4713 1524 4762 coram
1563 4693 1670 4761 dictis
1713 4691 1918 4764 senescallo
1960 4707 2000 4766 et

494 4839 716 4918 Msrescsllo,
756 4835 971 4904 coronatore
1011 4853 1074 4902 seu
1108 4831 1244 4900 Clerico
1283 4829 1360 4898 fieri
1400 4839 1436 4898 et
1473 4829 1668 4898 adiudicari
1706 4829 1896 4918 contigerit
1933 4851 2003 4918 per

494 4984 672 5043 attactos
694 4971 882 5040 eorundem
904 4967 1183 5052 Justiciariorum
1206 4965 1450 5034 itinerancium
1479 4966 1517 5031 in
1548 4965 1732 5033 itineribus
1755 4965 1839 5048 suis,
1865 4964 1997 5036 Senes·

494 5113 577 5180 calli
604 5120 641 5177 et
668 5108 871 5175 Marescalli
898 5114 935 5172 et
965 5103 1192 5173 coronatoris
1221 5123 1263 5169 ac
1296 5101 1423 5171 Clerici
1452 5103 1490 5168 in
1519 5101 1737 5170 cessionibus
1763 5101 1837 5168 suis
1862 5101 1999 5172 eisdem
