5224 6596
849 835 947 930 libe
970 832 1109 926 little
1132 835 1230 926 ricc
1257 836 1386 928 tloot
1411 834 1462 928 ot
1491 835 1679 928 naabi.
1945 863 2019 940 199

504 1047 682 1134 Jobannis
725 1047 890 1117 Leuecok
931 1057 969 1116 et
1010 1034 1166 1137 Agnetis
1209 1049 1329 1118 uxoris
1371 1049 1460 1138 eius.
1525 1048 1574 1116 Et
1617 1049 1725 1118 iidem
1759 1049 1943 1136 Jobannes
1978 1059 2019 1120 et

506 1183 686 1254 Ricardus
725 1195 763 1254 et
806 1203 1027 1254 sumasaores
1069 1183 1126 1252 sui
1169 1185 1346 1274 capellani
1385 1183 1424 1252 in
1467 1186 1617 1254 ecclesia
1653 1187 1851 1275 parochiali
1891 1188 2018 1258 Sancti

504 1319 690 1406 Jobannls,
714 1321 916 1410 Brystollie,
939 1319 1180 1410 Wygornensi
1205 1319 1349 1405 diocesi,
1371 1321 1523 1410 singulis
1543 1322 1669 1392 diebus
1694 1325 1742 1394 ad
1770 1325 1884 1394 altare
1911 1327 2017 1394 beate

504 1459 619 1530 Maria
647 1461 742 1530 dicta
770 1459 919 1530 ecclesis
945 1459 1044 1529 boris
1080 1460 1362 1546 competentibus
1398 1460 1521 1530 diuina
1559 1463 1739 1532 celebrant
1776 1483 1843 1552 pro
1880 1463 2015 1532 salubri

504 1605 602 1666 statu
629 1598 766 1668 domini
794 1597 922 1686 Regis,
959 1596 1108 1684 Maioris
1140 1607 1177 1664 et
1213 1596 1487 1666 Communitatis
1521 1597 1607 1666 ville
1644 1597 1837 1682 Bristcllie,
1876 1608 1913 1667 et
1947 1618 2014 1687 pro

504 1733 638 1803 salubri
673 1743 771 1804 statu
798 1753 879 1804 meo
908 1745 945 1804 et
969 1733 1124 1802 isabella
1151 1735 1273 1802 vxoris
1301 1754 1391 1816 mea,
1419 1734 1504 1803 dum
1533 1735 1736 1818 vixerimus,
1772 1755 1912 1805 necnon
1948 1755 2016 1824 pro

503 1869 692 1940 animabus
712 1873 845 1940 nostris
865 1891 945 1940 cum
966 1872 1013 1939 de
1033 1871 1102 1940 hac
1123 1873 1202 1940 luce
1227 1871 1509 1960 migrauarimus,
1530 1892 1597 1961 pro
1618 1873 1806 1943 animabus
1826 1883 2014 1962 parentrun

501 2018 703 2077 nostrorum
760 2020 797 2078 et
849 2009 1007 2078 omnium
1063 2008 1222 2078 fidelium
1278 2009 1521 2078 dafirnctonrrn
1574 2009 1690 2079 indies
1743 2009 2013 2098 imperpetuum.

502 2143 722 2214 Habendum
736 2156 773 2214 et
786 2147 989 2228 tenendum,
1007 2145 1274 2234 percipiendum
1291 2156 1329 2214 et
1350 2147 1541 2216 leuandum
1560 2146 1758 2236 predictum
1779 2145 2013 2234 mesuagium,

501 2281 679 2368 medietas
707 2281 871 2352 vndecim
900 2283 1060 2366 libratas,
1101 2303 1167 2352 sex
1203 2281 1376 2352 solidatas
1412 2293 1450 2352 et
1485 2293 1566 2352 octo
1602 2283 1806 2352 denmiatas
1841 2293 2013 2352 macutes

441 2465 445 2474 .
500 2416 548 2484 de
587 2417 713 2487 eodem
751 2420 947 2510 mesuagio,
989 2441 1070 2488 curn
1110 2420 1312 2488 reuersione
1356 2420 1469 2508 ipsius
1508 2415 1684 2506 mesuagii
1723 2435 1804 2486 cum
1843 2414 2012 2518 acciderit

498 2553 669 2640 predictis
691 2553 849 2640 Johanni
874 2566 911 2625 et
933 2556 1093 2625 Ricardo
1118 2555 1333 2646 Capelianis,
1360 2565 1397 2625 at
1425 2556 1687 2626 successoribus
1712 2553 1786 2622 suis
1815 2551 2012 2639 capellania

498 2689 665 2758 indicta
704 2691 856 2762 ecclesia
898 2692 1024 2762 Sancti
1056 2693 1231 2780 Johannis
1272 2695 1319 2760 ad
1358 2694 1557 2782 predictum
1596 2691 1709 2760 altare
1747 2693 1854 2759 beata
1896 2689 2012 2758 Maria

499 2827 653 2916 singulis
691 2829 817 2898 diebus
861 2829 985 2898 diuina
1024 2830 1264 2912 celebraturis,
1305 2831 1352 2898 de
1391 2831 1605 2919 capitalibus
1643 2827 1798 2898 dominis
1828 2827 2011 2896 feodorum

498 2963 640 3032 illorum
683 2983 748 3052 per
784 2965 938 3034 sertricia
979 2965 1064 3034 inda
1101 2967 1225 3036 debita
1253 2977 1291 3036 et
1332 2967 1380 3034 da
1414 2967 1495 3054 jure
1531 2975 1703 3034 consueta
1740 2965 2011 3052 imperpetuum,

453 3091 468 3116 ⁸
498 3097 661 3168 iaciendo
689 3099 804 3169 eciam
834 3111 871 3170 at
899 3101 1064 3186 tenendo,
1096 3103 1329 3172 sustentando
1357 3102 1511 3192 singulis
1540 3101 1645 3170 annis
1681 3101 1938 3188 imperpetuum
1971 3103 2010 3168 in

498 3236 623 3304 eadem
651 3236 802 3304 ecclesia
829 3247 932 3306 sexto
960 3237 1019 3304 die
1048 3235 1138 3306 Maii
1166 3237 1448 3308 anniuersarium
1478 3256 1597 3306 meum
1625 3245 1663 3304 et
1697 3235 1852 3304 isabella
1886 3235 2008 3302 uxoris

498 3391 577 3440 mee
599 3392 680 3439 cum
703 3373 748 3439 de
771 3373 841 3440 bac
865 3375 944 3442 luca
969 3373 1250 3462 migrauerimus
1296 3373 1377 3462 Quo
1404 3374 1464 3442 die
1488 3374 1630 3442 soluent
1650 3372 1802 3461 pmdicti
1824 3371 2008 3458 Johannes

497 3518 535 3578 et
577 3508 757 3576 Ricardus
796 3518 833 3576 et
876 3529 1098 3578 successores
1140 3511 1197 3578 sul
1241 3481 1427 3598 Capeliani
1471 3510 1569 3578 omni
1612 3528 1708 3577 anno
1750 3509 2008 3596 imperpetuum

497 3667 648 3736 persona
675 3649 770 3718 dicte
797 3651 945 3719 ecclesie
973 3648 1159 3718 duodecim
1186 3646 1353 3717 decanos
1380 3649 1413 3716 si
1439 3667 1587 3736 presens
1614 3646 1729 3730 fuerit,
1753 3656 1792 3715 et
1819 3647 2006 3716 duodecim

497 3783 693 3870 capellanis
728 3786 865 3854 vocatis
902 3805 966 3873 per
1004 3805 1193 3872 personam
1231 3785 1326 3852 dicte
1361 3784 1510 3853 ecclesia
1547 3784 1578 3851 si
1606 3802 1753 3872 presens
1792 3781 1909 3865 fuerit
1947 3785 2007 3853 val

495 3941 560 4007 per
588 3921 762 3992 Custodes
789 3923 885 3992 dicte
913 3923 1061 3992 ecclesie
1090 3921 1123 3990 si
1151 3942 1306 4022 persona
1342 3923 1472 3990 absens
1499 3921 1615 4004 luerit,
1644 3921 1763 3990 missis
1790 3921 1837 3988 de
1865 3920 2007 4008 Requie

360 4119 362 4122 .
494 4069 532 4127 at
553 4059 714 4146 exequiis
740 4060 983 4149 solempnibus
1013 4081 1094 4128 cum
1123 4069 1315 4148 naupmate
1338 4058 1426 4127 dicti
1447 4057 1680 4127 anniuersarii
1703 4057 2004 4141 interessentibus,

493 4193 639 4266 cuilibet
671 4217 793 4266 eorum
821 4207 972 4284 quatuor
1000 4197 1175 4280 denarios,
1205 4196 1334 4266 clerico
1362 4195 1456 4264 dicte
1484 4195 1633 4263 οωῐεείε
1660 4194 1724 4282 qui
1751 4213 1818 4282 pro
1845 4205 2005 4283 tempore

492 4331 598 4402 luerit
637 4353 704 4423 pro
745 4335 872 4404 classis
908 4335 1096 4423 pulsandis
1139 4335 1177 4403 in
1217 4333 1313 4402 dicto
1354 4331 1596 4400 anniuersario
1635 4349 1701 4398 sex
1738 4329 1922 4398 denarios:
1966 4341 2004 4400 et

493 4465 723 4534 Bedemanno
753 4465 887 4534 dictum
916 4465 1197 4534 anniuersarium
1231 4466 1270 4532 in
1305 4465 1394 4534 villa
1430 4462 1665 4550 proclamanti
1696 4463 1788 4532 duos
1825 4461 2001 4544 rimarios,

492 4621 631 4672 necnon
660 4600 876 4672 Custodibus
904 4603 1052 4673 ecclesia
1080 4605 1142 4690 qui
1170 4623 1236 4692 pro
1266 4612 1425 4690 tempore
1454 4599 1584 4670 luerim
1612 4599 1769 4688 quinqua
1796 4599 1929 4669 solidos
1955 4601 2003 4670 ad

492 4739 744 4809 inueniandum
770 4740 925 4828 missale,
950 4741 1108 4822 mlicarn,
1133 4759 1264 4828 panem
1288 4749 1326 4808 et
1345 4739 1468 4809 vinum
1492 4746 1530 4807 et
1555 4736 1677 4806 omnia
1694 4725 1769 4805 alia
1792 4747 2002 4806 ornamenta

491 4875 692 4943 necessaria
719 4873 825 4944 dictis
853 4873 1057 4964 Capellanis
1084 4896 1152 4965 pro
1178 4875 1298 4946 missis
1321 4873 1564 4944 celebrandis:
1594 4884 1632 4943 et
1654 4869 1810 4966 cer[e]os
1834 4877 2000 4944 ardentes

491 5012 657 5080 decenter
696 5022 803 5099 prout
838 5013 1008 5100 competit
1045 5013 1084 5080 in
1124 5013 1219 5082 diem
1255 5013 1343 5080 dicti
1383 5011 1618 5081 mniuemarii
1659 5011 1731 5081 mei
1766 5013 1865 5082 omni
1904 5033 2000 5081 anuo

320 5163 410 5221 trra
491 5165 632 5216 exnunc
659 5146 927 5236 imperpetuum.
970 5147 1138 5236 Quodis
1165 5149 1399 5220 anniuersarii
1426 5149 1499 5219 mei
1526 5150 1742 5220 distribuent
1769 5150 1868 5220 omni
1902 5171 1999 5220 anno
