5224 6596
602 859 672 952 158
940 849 1037 943 the
1061 847 1199 938 tutu
1223 848 1321 940 πρὸ
1346 851 1475 942 Boot
1500 849 1550 941 ot
1575 850 1763 941 tltlstol.

587 1063 791 1132 Marescalli
821 1073 858 1132 et
887 1062 1114 1132 coronatoris
1143 1084 1185 1130 ac
1215 1063 1342 1134 Clerici
1373 1065 1412 1132 in
1443 1065 1662 1134 cessionibus
1691 1067 1766 1133 suis
1795 1067 1930 1134 eisdem
1957 1067 2101 1135 ballivis

586 1213 623 1270 et
646 1201 819 1269 ministris
841 1201 944 1278 inde;
982 1221 1120 1268 necnon
1146 1199 1246 1280 fines,
1273 1204 1538 1290 redempciones
1559 1213 1596 1271 et
1620 1203 1897 1272 amerciamenta
1917 1203 2101 1271 hominum

583 1347 621 1407 et
649 1339 852 1406 tenencium
881 1339 1130 1424 predictomm,
1162 1358 1205 1405 ac
1233 1339 1350 1406 exitus
1375 1339 1574 1409 forisfactos
1600 1351 1637 1408 et
1665 1342 1787 1408 omnia
1815 1361 1885 1428 que
1914 1342 1961 1407 ad
1983 1341 2100 1428 ipsum

587 1475 918 1544 metuendissimum
961 1474 1145 1542 dominum
1188 1495 1306 1543 meum
1345 1476 1487 1564 Regem
1524 1499 1587 1546 seu
1622 1478 1771 1545 heredes
1807 1498 1891 1546 suos
1925 1479 2102 1565 pertinere

585 1625 752 1704 poterunt
780 1617 825 1683 de
854 1635 959 1693 anno,
990 1615 1049 1682 die
1076 1624 1114 1682 et
1141 1627 1255 1696 vasto,
1280 1614 1511 1684 forisfacturis
1539 1626 1576 1683 et
1605 1617 1757 1682 murdris
1780 1616 1825 1682 de
1846 1624 1883 1682 et
1905 1615 1942 1681 in
1964 1614 2101 1696 castris,

587 1754 766 1834 dominiis,
801 1754 980 1834 maneriis,
1018 1754 1124 1833 villis,
1163 1755 1276 1833 terris,
1321 1756 1543 1837 tenementis,
1587 1757 1677 1823 locis
1713 1765 1750 1822 et
1785 1755 1899 1822 feodis
1934 1755 2102 1840 predictis

586 1913 657 1980 que
686 1912 804 1959 coram
834 1891 913 1978 ipso
942 1889 1232 1958 metuendissimo
1262 1893 1406 1959 domino
1432 1913 1513 1960 meo
1542 1891 1648 1980 Rege
1673 1901 1709 1960 et
1736 1893 1926 1958 heredibus
1950 1890 2022 1958 suis
2046 1891 2102 1956 vel

587 2031 625 2098 in
666 2029 889 2098 cancellaria
928 2047 993 2094 sua
1033 2028 1091 2094 vel
1131 2029 1300 2095 heredum
1339 2049 1493 2108 suorum,
1534 2049 1598 2098 seu
1635 2049 1754 2097 coram
1799 2028 2034 2096 Tbesaurario
2067 2040 2103 2095 et

588 2166 791 2233 Beronibus
820 2165 895 2232 suis
922 2165 979 2231 vel
1001 2165 1170 2231 heredum
1193 2185 1335 2232 suorum
1363 2167 1408 2237 de
1434 2165 1634 2246 Scaccario,
1660 2187 1722 2233 seu
1746 2185 1865 2234 coram
1890 2165 2102 2248 Justieiariis

586 2306 659 2372 suis
680 2305 738 2371 vel
761 2304 931 2372 heredum
953 2324 1097 2372 suorum
1118 2306 1164 2372 de
1186 2305 1319 2384 Banco,
1342 2314 1404 2371 aut
1427 2305 1640 2388 Justiciariis
1665 2306 1712 2372 ad
1737 2305 1884 2371 Assises
1906 2303 2100 2388 capiendas

586 2451 624 2508 et
652 2441 778 2528 gaolas
812 2440 1071 2522 deliberandas,
1109 2463 1172 2508 seu
1207 2442 1420 2525 Justiciariis
1457 2443 1503 2509 ad
1538 2441 1689 2510 felonias
1726 2452 1762 2509 et
1797 2441 2099 2528 transgressiones

586 2579 782 2646 audiendas
810 2587 848 2646 et
885 2579 1128 2645 terminandas
1167 2579 1372 2664 assignatis,
1408 2580 1466 2646 vel
1507 2599 1626 2646 coram
1668 2578 1750 2644 aliis
1786 2576 1997 2661 Justiciariis
2037 2597 2100 2643 seu

587 2711 758 2779 ministris
797 2713 872 2779 suis
907 2713 965 2779 vel
1004 2715 1172 2781 heredum
1213 2734 1356 2783 suorum
1396 2715 1674 2802 quibuscumque
1713 2715 1791 2782 fieri
1832 2726 1868 2783 et
1906 2715 2101 2782 adiudicari

586 2847 776 2936 contigerit
804 2867 869 2932 per
897 2858 1077 2916 extractas
1106 2851 1275 2916 scaccarii
1310 2851 1366 2918 sui
1398 2854 1456 2918 vel
1487 2854 1655 2919 heredum
1692 2872 1847 2933 suorum,
1884 2851 2028 2919 ballivis
2063 2859 2100 2918 et

585 2983 766 3064 ministris,
797 3004 862 3070 per
891 3003 1018 3050 manus
1046 2949 1292 3053 vicecomitum
1330 2987 1368 3053 in
1404 3007 1553 3074 quorum
1589 2990 1732 3057 ballivis
1766 3000 1894 3070 castra,
1931 2990 2099 3071 dominia,

585 3122 754 3203 maneria,
771 3121 866 3203 ville,
892 3133 994 3204 terre,
1021 3133 1224 3190 tenementa
1250 3144 1293 3190 ac
1318 3127 1398 3191 loca
1422 3127 1581 3210 predicta
1607 3127 1765 3194 existunt
1788 3127 1871 3194 inde
1895 3128 2098 3195 liberandas

585 3258 714 3337 levare,
743 3247 924 3344 percipere
956 3266 994 3326 et
1028 3259 1160 3325 habere
1196 3261 1375 3345 possimus
1411 3263 1489 3328 sine
1524 3263 1711 3330 occasione
1746 3265 1804 3330 vel
1841 3264 2094 3352 impedimento

586 3394 735 3480 predicti
765 3395 1045 3464 metuendissimi
1073 3397 1209 3464 domini
1237 3399 1308 3465 mei
1338 3398 1455 3486 Regis
1482 3408 1520 3466 et
1548 3401 1717 3468 heredum
1746 3421 1889 3468 suorum
1923 3412 1985 3469 aut
2017 3403 2097 3470 bal·

586 3531 736 3599 livorum
760 3551 823 3598 seu
846 3531 1086 3598 ministromm
1110 3553 1252 3600 suorum
1277 3553 1587 3621 quorumcumque.
1632 3536 1680 3604 Et
1702 3537 1797 3622 quod
1817 3557 1884 3604 nos
1905 3537 2101 3605 habeamus

585 3667 625 3735 in
653 3669 817 3735 omnibus
846 3678 883 3735 et
912 3668 1064 3756 singulis
1100 3671 1237 3752 castris,
1273 3672 1450 3754 dominiis,
1488 3673 1665 3754 maneriis,
1703 3674 1809 3756 villis,
1845 3675 1958 3754 terris,
1996 3683 2095 3742 tene·

584 3805 725 3886 mentis,
755 3806 855 3888 locis,
883 3815 921 3874 et
953 3805 1067 3874 feodis
1102 3808 1273 3893 predictis
1311 3810 1444 3876 catalla
1479 3808 1648 3892 felonum,
1685 3809 1925 3898 fugitivomm,
1959 3813 2101 3898 utlaga·

584 3949 703 4008 torum
749 3951 785 4008 et
830 3943 1115 4027 dampnatorum,
1156 3941 1215 4008 Ita
1255 3944 1350 4028 quod
1390 3944 1423 4009 si
1461 3944 1542 4029 quis
1589 3944 1772 4011 hominum
1817 3954 1854 4010 et
1899 3945 2099 4012 tenentium

584 4078 820 4164 predictorum
850 4087 913 4146 aut
942 4079 1005 4146 alii
1033 4079 1071 4145 in
1101 4079 1237 4160 castris,
1275 4079 1453 4162 dominiis,
1489 4079 1668 4163 maneriis,
1705 4079 1812 4161 villis,
1848 4080 1962 4160 terris,
2000 4091 2097 4146 tene-

585 4215 725 4294 mentis,
755 4215 844 4282 locis
872 4225 910 4282 et
938 4215 1052 4283 feodis
1088 4217 1257 4302 predictis
1292 4238 1359 4303 pro
1396 4218 1525 4285 delicto
1563 4237 1628 4285 suo
1661 4217 1773 4283 vitam
1809 4218 1868 4283 vel
1904 4218 2100 4283 membrum

585 4350 739 4417 debeant
776 4352 938 4419 amittere
976 4353 1033 4420 vel
1072 4351 1228 4439 fugerint
1263 4363 1299 4420 et
1335 4353 1465 4421 iudicio
1502 4364 1597 4420 stare
1633 4353 1821 4436 noluerint,
1859 4354 1916 4419 vel
1953 4352 2097 4437 aliquod

586 4489 753 4556 delictum
796 4489 943 4556 fecerint
993 4509 1059 4575 pro
1098 4510 1170 4577 quo
1210 4491 1341 4557 catalla
1386 4511 1451 4557 sua
1497 4492 1652 4558 debeant
1706 4491 1853 4576 perdere
1891 4488 2102 4570 vbicumque

585 4627 631 4693 de
674 4626 727 4692 eis
770 4625 912 4692 iusticia
957 4625 1034 4693 fieri
1085 4628 1224 4706 debeat,
1272 4627 1347 4692 sive
1393 4627 1433 4692 in
1483 4627 1582 4694 curia
1620 4625 1770 4712 predicti
1817 4619 2098 4691 metuendissimi
2153 4669 2155 4672 .

584 4761 721 4830 domini
763 4763 834 4829 mei
878 4762 994 4849 Regis
1038 4766 1094 4831 vel
1138 4764 1307 4832 heredum
1351 4784 1505 4845 suorum,
1551 4764 1626 4833 sive
1669 4763 1707 4829 in
1751 4763 1824 4828 alia
1867 4759 1964 4826 curia
2018 4757 2099 4842 ipsa

583 4901 716 4970 catalla
758 4900 831 4968 sint
881 4910 1013 4967 nostra.
1092 4900 1140 4967 Et
1190 4901 1297 4967 liceat
1348 4902 1452 4968 nobis
1503 4923 1567 4969 seu
1617 4899 1789 4967 ministris
1840 4897 1971 4964 nostris
2022 4897 2100 4962 sine

588 5039 775 5106 occasione
813 5038 871 5105 vel
910 5037 1164 5124 impedimento
1203 5039 1355 5124 predicti
1391 5039 1672 5107 metuendissimi
1707 5036 1844 5103 domini
1880 5033 1950 5101 mei
1985 5032 2101 5118 Regis

588 5176 648 5244 vel
704 5176 874 5243 heredum
933 5195 1087 5256 suorum,
1145 5176 1392 5244 vicecomitum
1450 5187 1512 5244 aut
1570 5177 1720 5244 aliomm
1772 5173 1985 5241 ballivorum
2038 5188 2102 5235 seu
