5224 6596
606 835 676 906 166
936 827 1033 920 ube
1057 825 1196 916 little
1219 825 1319 917 Reb
1343 825 1472 917 book
1496 825 1547 915 cl
1557 905 1558 909 γ
1576 823 1764 918 bristol-

600 1037 757 1108 Bristoll.
787 1049 825 1107 et
852 1040 1030 1110 suburbiis
1059 1041 1218 1109 eiusdem
1246 1041 1303 1108 vel
1333 1040 1415 1108 aliis
1443 1039 1532 1108 locis
1559 1049 1597 1107 et
1630 1038 1743 1110 eoois
1771 1041 1928 1128 predicte
1955 1043 2041 1110 ville
2068 1055 2108 1112 et

599 1175 801 1261 procinctus
835 1177 1005 1260 eiusdem,
1034 1176 1161 1245 Castro
1188 1186 1227 1244 et
1253 1175 1398 1244 fossatis
1432 1176 1588 1246 eiusdem
1625 1175 1743 1246 Casiri
1772 1179 1942 1265 exceptis,
1972 1180 2011 1246 in
2040 1179 2107 1248 eli·

600 1313 730 1396 quibus
757 1314 1028 1382 execucionibus
1060 1333 1126 1404 pro
1154 1313 1243 1400 ipsis
1274 1313 1408 1400 majore
1434 1321 1473 1380 et
1500 1313 1752 1380 communitate
1779 1321 1817 1380 et
1846 1314 2109 1384 successoribus

600 1449 676 1516 suis
701 1449 747 1515 ad
772 1459 884 1518 tetam
912 1449 1023 1518 vitam
1052 1437 1211 1518 noemam
1237 1469 1302 1537 per
1325 1448 1448 1516 breuia
1473 1449 1548 1518 sive
1573 1449 1743 1516 mandate
1767 1449 1918 1536 predicti
1947 1459 2107 1517 metuen-

600 1586 739 1654 ‹ussmu
767 1586 902 1654 domini
929 1587 1000 1656 mei
1036 1587 1152 1676 Regis
1179 1589 1237 1654 ve
1270 1588 1438 1654 hemum
1468 1605 1610 1654 suorum
1646 1593 1708 1652 aut
1733 1565 1863 1673 quovis
1891 1587 1965 1654 uio
2000 1588 2107 1656 moro

600 1720 771 1789 faciendis
799 1721 929 1790 fuerint
957 1723 1181 1812 negligentes
1212 1725 1269 1790 vel
1305 1723 1453 1804 remissi,
1489 1742 1553 1809 per
1588 1723 1683 1808 quod
1719 1721 1817 1809 ipsos
1853 1721 1892 1790 in
1928 1724 2106 1810 scaccario

601 1857 750 1944 predicti
778 1859 1059 1928 metuendissimi
1087 1859 1223 1928 domini
1251 1860 1321 1928 mei
1352 1860 1468 1948 Regis
1496 1862 1555 1928 vel
1578 1835 1751 1926 'hoedum
1777 1879 1921 1928 suorum
1944 1863 2001 1928 vel
2026 1860 2109 1934 aliie

601 1996 707 2064 curiis
742 1997 891 2084 predicti
919 1997 1055 2066 domim
1083 1997 1153 2064 mei
1184 1996 1302 2084 Regb
1329 1996 1520 2084 contigerit
1548 1995 1732 2064 emerciari
1759 1996 1816 2063 vel
1852 1995 1943 2064 lines
1977 1995 2104 2080 fecere,

600 2135 695 2222 quod
729 2133 820 2202 fines
846 2142 885 2202 st
912 2133 1188 2202 amerciamente
1216 2133 1279 2200 illa
1308 2132 1381 2202 sint
1409 2133 1565 2220 ipsorum
1595 2132 1739 2200 maioris
1766 2140 1803 2200 et
1839 2134 2104 2202 communitatis

599 2285 635 2342 et
671 2291 912 2341 successorum
948 2292 1090 2340 suorum
1125 2273 1173 2340 ad
1209 2281 1320 2339 totam
1357 2271 1467 2340 vitam
1508 2285 1665 2340 nostram
1708 2281 1745 2338 et
1785 2271 1832 2338 ed
1871 2290 1962 2358 opus
2001 2291 2105 2342 suum

599 2411 770 2479 leventur.
829 2409 878 2476 Et
921 2410 1017 2496 quod
1059 2409 1166 2476 iidem
1213 2409 1327 2476 maior
1366 2419 1403 2476 et
1441 2411 1676 2478 communitas
1715 2419 1753 2477 et
1791 2429 2011 2478 successores
2051 2411 2108 2480 sui

601 2557 746 2614 teneant
781 2545 976 2632 predictam
1011 2544 1134 2612 villam
1170 2543 1329 2613 Bristell.
1369 2565 1450 2612 cum
1485 2545 1663 2613 suburbiis
1694 2546 1863 2628 eiusdem,
1894 2557 2108 2629 tenemento,

601 2683 681 2751 loca
704 2693 742 2752 et
763 2681 867 2750 feoda
891 2680 1050 2768 predicta
1075 2699 1293 2767 quecumque
1314 2679 1407 2746 inira
1428 2681 1646 2766 procinctum
1669 2681 1826 2750 eiusdem
1848 2685 1933 2752 ville
1954 2705 2108 2754 unacum

600 2815 713 2884 feodis
748 2817 913 2898 militum,
946 2817 1241 2885 advocacionibus
1270 2816 1453 2884 domorum
1490 2813 1745 2902 religiosarum,
1778 2815 2018 2903 hospitalium,
2048 2836 2106 2884 ec·

602 2952 798 3034 clesiarum,
824 2955 1050 3040 capellarum,
1074 2953 1211 3033 wesdis,
1236 2951 1434 3039 maritagiis
1451 2951 1496 3018 de
1521 2952 1686 3018 omnibus
1709 2953 1922 3033 tenentibus,
1947 2952 2106 3020 residen-

603 3089 699 3158 tibus
724 3101 760 3158 et
784 3109 855 3157 non
879 3089 1127 3170 residentibus,
1151 3099 1225 3156 tem
1249 3088 1294 3155 de
1319 3107 1391 3154 non
1415 3088 1564 3174 integn's
1587 3088 1789 3158 tenentibus
1816 3109 1922 3175 quem
1946 3089 2107 3177 integris,

603 3227 648 3292 de
668 3225 828 3312 predicta
857 3225 943 3293 villa
971 3226 1128 3294 Bristell.
1157 3235 1194 3294 et
1222 3223 1401 3292 suburbiis
1430 3225 1598 3311 ejusdem,
1628 3227 1740 3306 terris,
1770 3229 1993 3306 tenementis,
2018 3227 2109 3294 locis

604 3374 639 3431 et
674 3360 787 3430 feodis
819 3363 988 3450 predictis
1016 3364 1181 3434 omnibus
1209 3373 1247 3432 et
1284 3363 1435 3452 singulis
1464 3363 1555 3432 inire
1583 3365 1802 3452 procinctum
1838 3367 1922 3434 ville
1950 3367 2108 3453 predicte

601 3509 642 3567 ut
678 3501 874 3587 predictum
910 3513 965 3570 est
1001 3501 1084 3571 licet
1120 3501 1226 3568 iidem
1263 3511 1425 3570 tenentes
1461 3504 1506 3569 de
1536 3503 1827 3570 metuendissimo
1856 3503 2000 3570 domino
2029 3523 2108 3572 meo

451 3684 458 3698 .
503 3685 510 3702 .
602 3637 707 3726 Rege
736 3639 823 3706 alibi
850 3649 996 3708 teneant
1024 3639 1062 3706 in
1091 3639 1209 3726 capite
1236 3649 1277 3706 ut
1309 3639 1355 3706 de
1384 3659 1514 3708 corona
1542 3641 1599 3708 vel
1636 3640 1708 3706 alio
1745 3639 1862 3720 modo,
1892 3639 1998 3706 simul
2027 3659 2106 3708 cum

409 4853 494 4905 Nom
509 4866 548 4907 ns

394 4915 510 4970 Wmo
525 4931 562 4972 er

425 4981 528 5036 Warr.

599 3775 729 3858 boscis,
749 3796 943 3859 warennes,
964 3775 1072 3857 feriis,
1094 3775 1269 3856 mametis,
1291 3777 1405 3862 aquis,
1426 3775 1577 3864 ripariis,
1599 3775 1678 3856 viis,
1693 3773 1866 3862 piscariis,
1881 3775 2102 3857 communiis,

601 3914 756 3994 assertis,
798 3913 911 3980 vastis
953 3922 991 3980 et
1026 3911 1274 3999 purpresturls,
1310 3931 1353 3980 ac
1390 3913 1503 3980 eciam
1532 3911 1817 3980 arentacionibus
1845 3922 1881 3978 et
1902 3912 2107 3980 'redditibus

601 4066 900 4135 quorumcumque
924 4057 1148 4128 assertomm,
1174 4057 1356 4116 vestomm
1382 4059 1418 4116 et
1443 4057 1762 4136 purpresturarum,
1788 4057 1862 4114 tem
1890 4045 2109 4133 temporibus

601 4183 866 4271 progenitorum
889 4183 1038 4270 predicti
1063 4183 1344 4252 metuendissimi
1369 4185 1505 4254 domini
1531 4185 1602 4252 mei
1624 4184 1740 4272 Regis
1760 4185 1941 4271 quondam
1962 4183 2107 4270 Regum

600 4313 745 4406 An'glie,
771 4339 878 4406 quam
902 4319 1182 4388 metuendissimi
1202 4323 1337 4389 domini
1358 4323 1428 4391 mei
1455 4323 1570 4410 Regis
1591 4323 1629 4390 in
1651 4321 1815 4389 omnibus
1831 4320 1918 4388 locis
1939 4320 2107 4408 predictis

603 4453 694 4520 inire
721 4453 939 4539 procinctum
965 4453 1122 4521 eiusdem
1147 4455 1232 4523 ville
1253 4457 1434 4526 Bristollie
1454 4470 1495 4529 ut
1515 4459 1713 4547 predictum
1733 4468 1789 4525 est
1810 4467 2049 4525 arentetorum
2071 4467 2108 4524 et

601 4609 741 4659 exnunc
766 4593 1050 4671 arentandorum,
1066 4611 1218 4660 unacum
1239 4593 1369 4663 linibus
1390 4617 1455 4683 pro
1476 4597 1639 4684 ingressu
1657 4595 1859 4664 huiusmodi
1880 4605 2124 4675 assertomm

602 4740 782 4798 vastorum
810 4738 847 4796 et
874 4743 1178 4818 purpresturamm
1208 4731 1260 4798 sic
1288 4741 1526 4800 erentetomm
1558 4753 1621 4800 scu
1650 4733 1933 4812 arentandorum,
1962 4739 2108 4798 etcum

604 4867 721 4949 curiis,
742 4867 878 4936 visibus
899 4867 1011 4936 franci
1031 4868 1154 4958 plegii,
1175 4869 1379 4956 hundredis,
1400 4870 1667 4957 wapentachiis,
1682 4869 1799 4937 wreko
1820 4879 1857 4936 et
1878 4868 1981 4956 wayi,
2002 4867 2110 4955 pisci·

606 5007 674 5072 bus
705 5005 886 5092 regalibus
907 5015 944 5072 et
966 5006 1046 5073 aliis
1069 5007 1384 5076 consuetudinibus
1406 5027 1450 5074 ac
1470 5005 1635 5074 omnibus
1657 5005 1739 5074 aliis
1759 5006 1807 5073 ad
1828 5005 1960 5073 dictem
1986 5005 2108 5072 villam

605 5141 763 5209 Bristoll.
794 5151 831 5210 et
860 5142 1028 5210 suburbia
1056 5143 1225 5226 eiusdem,
1252 5153 1374 5228 terres,
1404 5153 1619 5224 tenementa,
1648 5144 1729 5210 loce
1752 5151 1790 5210 et
1816 5140 1922 5210 feoda
1949 5141 2109 5227 predicta
