5224 6596
620 859 688 932 Ῑ94
952 833 1050 926 tlte
1072 834 1213 927 ttttte
1236 833 1335 926 ttco
1359 833 1488 926 Book
1513 833 1565 925 ol
1594 831 1782 925 tmtot

613 1049 853 1118 ordinacionis
892 1050 1012 1120 subire
1050 1051 1110 1120 vel
1149 1049 1309 1138 accipere
1347 1049 1537 1133 noluerim,
1577 1057 1828 1118 mumanmr
1865 1047 1903 1114 in
1941 1063 2045 1112 vsum
2088 1057 2125 1112 et

613 1185 807 1276 proficuum
835 1187 1075 1276 predictorum
1104 1187 1377 1276 Capellanorum
1405 1197 1444 1256 et
1472 1208 1594 1256 eonem
1627 1205 1867 1255 successorum
1902 1204 1969 1272 pro
2003 1187 2126 1254 labore

615 1343 736 1392 eorum
764 1325 1033 1414 imperpetuum,
1058 1325 1603 1415 Itatamenquodquamcito
1623 1321 2127 1406 dictiTnomasetJolmnncs

616 1461 803 1546 capellani,
839 1462 897 1531 vel
933 1481 1056 1530 eorum
1087 1481 1309 1534 successuum
1345 1465 1522 1552 capellani
1557 1463 1712 1534 obierint
1745 1462 1806 1531 vel
1839 1481 1962 1528 sorum
1996 1459 2126 1546 aliquis

617 1595 755 1679 obierit
776 1597 871 1684 quod
892 1607 977 1666 tunc
997 1599 1116 1686 Major
1134 1599 1220 1668 ville
1241 1600 1423 1670 Bristollie
1443 1601 1506 1688 qui
1526 1621 1591 1690 pru
1606 1610 1765 1688 tempore
1777 1598 1884 1667 fuerit
1896 1598 1945 1666 ad
1965 1597 2126 1666 denom-

617 1732 803 1800 nacionem
832 1733 956 1802 vicarii
983 1737 1029 1804 de
1057 1735 1264 1824 Redeciyue
1290 1746 1328 1804 et
1355 1749 1623 1824 procuratorum
1658 1737 1754 1805 dicte
1785 1735 1933 1804 meede
1964 1731 2027 1821 qui
2058 1753 2123 1820 pro

617 1879 775 1957 tempore
788 1869 918 1938 suerint
931 1873 1041 1939 alium
1055 1875 1278 1960 capellanum
1290 1875 1468 1962 ydoneum
1484 1877 1522 1943 in
1543 1877 1624 1944 ioco
1645 1873 1822 1962 capellani
1843 1871 2000 1940 defuncti
2012 1879 2124 1958 ponat

616 2015 654 2072 et
675 2007 841 2076 adtmttat
861 2009 899 2076 in
914 2007 1119 2078 Centuriam
1133 2011 1328 2098 predictam
1342 2011 1436 2080 infra
1448 2011 1715 2099 quatuordecim
1729 2009 1818 2078 dies.
1862 2007 1912 2078 Et
1925 2009 1958 2076 si
1971 2007 2124 2076 vicarius

616 2152 652 2208 et
681 2154 925 2228 procuratores
949 2143 1044 2213 dicte
1071 2146 1220 2214 ecclesie
1255 2147 1294 2214 in
1323 2149 1615 2217 denominacione
1649 2147 1827 2235 capellani
1858 2167 1924 2234 per
1957 2155 2125 2234 quatuor·

615 2277 731 2346 decim
770 2277 846 2348 dies
885 2281 1112 2372 negligentes
1150 2283 1281 2352 fuerint
1317 2291 1355 2350 et
1391 2286 1530 2353 nullum
1573 2285 1797 2373 capellanum
1832 2285 2011 2370 ydoneum
2046 2282 2125 2348 loco

615 2415 770 2484 defuncti
798 2417 927 2504 Maiori
960 2439 1033 2489 non
1068 2421 1330 2490 nominauerint
1369 2432 1456 2490 trmc
1492 2423 1656 2490 volumus
1692 2432 1731 2488 et
1767 2417 1993 2488 concedimus
2029 2417 2125 2504 quod

615 2554 733 2639 Maior
760 2555 822 2642 qui
849 2577 916 2645 pro
943 2567 1102 2647 tempore
1129 2558 1234 2629 fuerit
1263 2562 1452 2632 autoritate
1480 2561 1625 2649 propria
1654 2560 1727 2627 alio
1762 2559 1948 2645 capellano
1983 2555 2122 2644 ydoneo

612 2692 718 2779 juxta
766 2693 1038 2764 discmsciom
1084 2719 1185 2766 suam
1232 2701 1365 2772 dictam
1414 2699 1619 2771 Centuriam
1670 2695 1828 2764 conferet
1880 2704 1918 2762 et
1959 2711 2043 2760 erm
2085 2691 2138 2756 in·

422 2853 509 2904 Nora
521 2862 562 2902 us
617 2830 834 2914 corporalem
892 2832 1152 2918 possessionem
1208 2848 1322 2922 ponat
1377 2846 1416 2905 et
1466 2835 1622 2902 inducat
1688 2833 1973 2916 Prostabuntquo
2030 2827 2125 2894 idem

399 2925 576 3035 'm
616 2962 774 3032 'ihomas
831 2980 869 3033 et
924 2967 1117 3054 Johannes,
1176 2973 1363 3057 capellani,
1422 2990 1614 3059 eorumque
1671 2987 1890 3036 successores
1948 2965 2126 3052 capellani

444 3055 537 3098 om
617 3100 874 3188 imperpetuum
931 3104 970 3172 in
1026 3105 1143 3193 prima
1199 3108 1404 3192 collacione,
1463 3128 1506 3175 ac
1564 3107 1678 3174 mam
1733 3103 1831 3171 omni
1885 3122 1980 3170 anno
2034 3099 2126 3168 inira

615 3239 711 3304 xv⁶¹²
769 3239 846 3306 dies
911 3239 1115 3310 immediate
1171 3253 1359 3330 sequemes
1417 3229 1500 3331 post
1558 3241 1688 3310 festum
1746 3239 1861 3308 sancti
1925 3237 2125 3317 Michaelis,

610 3375 851 3461 juramentum
878 3381 1061 3464 corporale
1089 3343 1318 3469 solempniter
1345 3399 1464 3448 coram
1494 3379 1632 3467 Maiore
1660 3379 1755 3448 diota
1782 3378 1867 3446 ville
1901 3375 1940 3444 in
1969 3373 2125 3443 Gilralda

614 3512 677 3599 qui
705 3533 769 3598 pro
798 3523 956 3602 tempore
983 3517 1088 3587 tuerit
1115 3520 1211 3606 quod
1238 3500 1486 3588 ordinaciones
1519 3529 1557 3584 et
1592 3535 1703 3584 onera
1738 3535 1804 3584 sua
1838 3513 1999 3600 predicta
2033 3513 2125 3578 bene

614 3657 652 3714 et
679 3646 831 3718 fideliter
858 3650 897 3718 in
925 3653 1090 3722 omuibus
1110 3657 1361 3739 obsernmbunt
1383 3665 1420 3724 et
1440 3675 1549 3724 vnum
1572 3655 1702 3723 librum
1723 3663 1890 3721 vocatum
1912 3649 2126 3718 Masseboke

614 3787 724 3872 precii
759 3797 901 3856 centum
936 3790 1139 3874 solidonrm,
1176 3811 1220 3862 ac
1256 3793 1367 3860 alium
1414 3793 1546 3860 librum
1589 3800 1755 3859 vocamm
1795 3785 1982 3858 Porthoos¹
2017 3783 2128 3872 precii

615 3931 757 3990 centum
800 3923 1004 4007 solidorum,
1044 3947 1153 3995 mum
1190 3949 1258 4014 par
1293 3930 1585 3998 vestimentorum
1629 3927 1739 4014 precii
1772 3927 1812 3993 xl
1850 3925 2053 4002 solidorum,
2091 3930 2129 3989 et

616 4059 714 4126 aliud
742 4079 809 4146 par
843 4061 1133 4131 vestimentonrm
1168 4065 1280 4152 precii
1317 4067 1475 4154 quinque
1511 4084 1721 4146 marcarum,
1758 4071 1796 4131 et
1831 4081 1941 4129 vnum
1980 4060 2127 4128 calicem

615 4197 872 4282 ponderantem
903 4199 1034 4288 viginti
1061 4200 1195 4282 uncias,
1224 4220 1268 4271 ec
1296 4203 1371 4271 alia
1397 4203 1565 4272 utensilia
1593 4203 1646 4271 eis
1674 4221 1739 4291 per
1758 4221 1825 4270 nos
1852 4201 2004 4269 liberata
2034 4201 2127 4270 bene

616 4342 654 4398 et
682 4341 922 4420 competenter
951 4337 1152 4405 custodient
1180 4347 1219 4406 et
1245 4338 1284 4408 in
1321 4351 1435 4408 morte
1472 4342 1664 4408 eonmdem
1696 4341 1822 4408 eadem
1856 4340 1954 4406 bona
1988 4353 2126 4406 succes-

618 4469 756 4538 soribus
784 4471 860 4540 suis
888 4475 1095 4561 capellanis
1123 4475 1304 4544 dimittent
1331 4485 1369 4544 et
1396 4477 1438 4560 si,
1474 4480 1571 4566 quod
1606 4478 1713 4560 absit,
1747 4497 1795 4544 ex
1829 4474 2056 4564 negligencia
2089 4481 2129 4542 et

618 4607 756 4674 deiectu
792 4629 913 4678 eorum
950 4613 1097 4699 perdite
1134 4613 1265 4682 fuerint
1303 4615 1397 4702 quod
1439 4615 1511 4702 ipsi
1552 4633 1644 4701 eque
1680 4615 1776 4682 bona
1814 4611 2015 4700 sumptibus
2053 4609 2128 4678 suis
2151 4684 2161 4708 Ι,

619 4754 817 4814 restaurent
844 4766 910 4833 per
937 4749 1185 4818 coherctonem
1213 4761 1251 4819 et
1278 4751 1539 4820 dismceionen
1567 4751 1716 4839 Maioris
1743 4751 1839 4818 dicte
1865 4749 1951 4817 ville
1978 4747 2041 4836 qui
2063 4765 2130 4833 pro

619 4889 778 4969 tempore
806 4881 922 4954 drmit
968 4885 1019 4954 Et
1045 4907 1113 4957 nos
1140 4889 1292 4976 predicti
1311 4889 1514 4959 willelmus
1536 4887 1727 4978 Canyuges
1748 4897 1785 4957 et
1805 4886 1987 4956 Walter-us
2007 4883 2131 4970 Derby

619 5027 657 5086 et
683 5021 832 5090 heredes
857 5023 971 5092 nostrl
1007 5026 1170 5112 predicta
1198 5025 1393 5116 mesuagia,
1422 5027 1555 5113 shopss
1583 5035 1621 5093 et
1648 5024 1816 5093 celarium
1853 5041 1934 5090 cum
1964 5021 2129 5090 omnibus

620 5233 630 5300 l
1205 5197 1537 5266 Hermathena.
