<?xml version="1.0" encoding="UTF-8"?>
<!DOCTYPE html PUBLIC "-//W3C//DTD XHTML 1.0 Transitional//EN"
    "http://www.w3.org/TR/xhtml1/DTD/xhtml1-transitional.dtd">
<html xmlns="http://www.w3.org/1999/xhtml" xml:lang="en" lang="en">
 <head>
  <title>
</title>
<meta http-equiv="Content-Type" content="text/html;charset=utf-8" />
  <meta name='ocr-system' content='tesseract 3.04.00' />
  <meta name='ocr-capabilities' content='ocr_page ocr_carea ocr_par ocr_line ocrx_word'/>
</head>
<body>
  <div class='ocr_page' id='page_1' title='image "./littleredbookbr02enggoog_0286.png"; bbox 0 0 5224 6596; ppageno 0'>
   <div class='ocr_carea' id='block_1_1' title="bbox 859 866 2021 964">
    <p class='ocr_par' dir='ltr' id='par_1_1' title="bbox 859 866 2021 964">
     <span class='ocr_line' id='line_1_1' title="bbox 859 866 2021 964; baseline -0.007 -4"><span class='ocrx_word' id='word_1_1' title='bbox 859 869 956 960; x_wconf 71' lang='lat' dir='ltr'><strong>dbc</strong></span> <span class='ocrx_word' id='word_1_2' title='bbox 980 869 1119 959; x_wconf 76' lang='lat' dir='ltr'><strong>little</strong></span> <span class='ocrx_word' id='word_1_3' title='bbox 1143 866 1241 958; x_wconf 77' lang='lat' dir='ltr'><strong>tito</strong></span> <span class='ocrx_word' id='word_1_4' title='bbox 1266 866 1395 957; x_wconf 66' lang='lat' dir='ltr'><strong>Boot</strong></span> <span class='ocrx_word' id='word_1_5' title='bbox 1420 869 1471 960; x_wconf 84' lang='lat' dir='ltr'><strong>ot</strong></span> <span class='ocrx_word' id='word_1_6' title='bbox 1500 870 1689 964; x_wconf 57' lang='lat' dir='ltr'><strong>§timot</strong></span> <span class='ocrx_word' id='word_1_7' title='bbox 1953 898 2021 953; x_wconf 87' lang='lat'><strong>221</strong></span> 
     </span>
    </p>
   </div>
   <div class='ocr_carea' id='block_1_2' title="bbox 513 1080 2025 4453">
    <p class='ocr_par' dir='ltr' id='par_1_2' title="bbox 513 1080 2025 4453">
     <span class='ocr_line' id='line_1_2' title="bbox 520 1080 2025 1171; baseline 0.007 -24"><span class='ocrx_word' id='word_1_8' title='bbox 520 1080 640 1150; x_wconf 84' lang='lat' dir='ltr'><strong>David</strong></span> <span class='ocrx_word' id='word_1_9' title='bbox 690 1093 726 1150; x_wconf 89' lang='lat' dir='ltr'><strong>et</strong></span> <span class='ocrx_word' id='word_1_10' title='bbox 776 1101 995 1152; x_wconf 89' lang='lat' dir='ltr'><strong>successores</strong></span> <span class='ocrx_word' id='word_1_11' title='bbox 1045 1083 1102 1151; x_wconf 85' lang='lat' dir='ltr'><strong>sni</strong></span> <span class='ocrx_word' id='word_1_12' title='bbox 1152 1082 1310 1169; x_wconf 86' lang='lat' dir='ltr'><strong>quolibet</strong></span> <span class='ocrx_word' id='word_1_13' title='bbox 1360 1102 1455 1151; x_wconf 87' lang='lat' dir='ltr'><strong>anno</strong></span> <span class='ocrx_word' id='word_1_14' title='bbox 1505 1087 1715 1171; x_wconf 79' lang='lat' dir='ltr'><strong>prestabant</strong></span> <span class='ocrx_word' id='word_1_15' title='bbox 1766 1097 2025 1157; x_wconf 85' lang='lat' dir='ltr'><strong>sacramentum</strong></span> 
     </span>
     <span class='ocr_line' id='line_1_3' title="bbox 520 1219 2025 1309; baseline 0.004 -23"><span class='ocrx_word' id='word_1_16' title='bbox 520 1219 701 1306; x_wconf 87' lang='lat' dir='ltr'><strong>corporale</strong></span> <span class='ocrx_word' id='word_1_17' title='bbox 736 1239 854 1288; x_wconf 89' lang='lat' dir='ltr'><strong>coram</strong></span> <span class='ocrx_word' id='word_1_18' title='bbox 890 1221 1028 1309; x_wconf 85' lang='lat' dir='ltr'><strong>Majore</strong></span> <span class='ocrx_word' id='word_1_19' title='bbox 1063 1219 1149 1288; x_wconf 87' lang='lat' dir='ltr'><strong>ville</strong></span> <span class='ocrx_word' id='word_1_20' title='bbox 1184 1219 1366 1287; x_wconf 89' lang='lat' dir='ltr'><strong>Bristollie</strong></span> <span class='ocrx_word' id='word_1_21' title='bbox 1401 1221 1462 1306; x_wconf 92' lang='lat' dir='ltr'><strong>qui</strong></span> <span class='ocrx_word' id='word_1_22' title='bbox 1498 1241 1564 1307; x_wconf 90' lang='lat' dir='ltr'><strong>pro</strong></span> <span class='ocrx_word' id='word_1_23' title='bbox 1599 1231 1759 1308; x_wconf 88' lang='lat' dir='ltr'><strong>tempore</strong></span> <span class='ocrx_word' id='word_1_24' title='bbox 1793 1221 1897 1291; x_wconf 87' lang='lat' dir='ltr'><strong>fuerit</strong></span> <span class='ocrx_word' id='word_1_25' title='bbox 1932 1221 2025 1292; x_wconf 84' lang='lat' dir='ltr'><strong>inira</strong></span> 
     </span>
     <span class='ocr_line' id='line_1_4' title="bbox 520 1355 2024 1442; baseline 0.004 -20"><span class='ocrx_word' id='word_1_26' title='bbox 520 1355 734 1442; x_wconf 77' lang='lat' dir='ltr'><strong>quindenam</strong></span> <span class='ocrx_word' id='word_1_27' title='bbox 763 1355 889 1426; x_wconf 78' lang='lat' dir='ltr'><strong>Sancti</strong></span> <span class='ocrx_word' id='word_1_28' title='bbox 920 1357 1118 1426; x_wconf 77' lang='lat' dir='ltr'>Michaelis.</span> <span class='ocrx_word' id='word_1_29' title='bbox 1162 1355 1211 1424; x_wconf 89' lang='lat' dir='ltr'><strong>Et</strong></span> <span class='ocrx_word' id='word_1_30' title='bbox 1247 1355 1279 1424; x_wconf 89' lang='lat' dir='ltr'><strong>si</strong></span> <span class='ocrx_word' id='word_1_31' title='bbox 1315 1355 1430 1424; x_wconf 87' lang='lat' dir='ltr'><strong>dictus</strong></span> <span class='ocrx_word' id='word_1_32' title='bbox 1465 1355 1584 1423; x_wconf 86' lang='lat' dir='ltr'><strong>David</strong></span> <span class='ocrx_word' id='word_1_33' title='bbox 1619 1357 1677 1423; x_wconf 88' lang='lat' dir='ltr'><strong>vel</strong></span> <span class='ocrx_word' id='word_1_34' title='bbox 1713 1375 1933 1426; x_wconf 80' lang='lat' dir='ltr'><strong>successores</strong></span> <span class='ocrx_word' id='word_1_35' title='bbox 1968 1360 2024 1428; x_wconf 88' lang='lat' dir='ltr'><strong>sui</strong></span> 
     </span>
     <span class='ocr_line' id='line_1_5' title="bbox 520 1490 2024 1574; baseline 0.001 -14"><span class='ocrx_word' id='word_1_36' title='bbox 520 1490 653 1560; x_wconf 89' lang='lat' dir='ltr'><strong>dictum</strong></span> <span class='ocrx_word' id='word_1_37' title='bbox 689 1504 947 1562; x_wconf 81' lang='lat' dir='ltr'><strong>samamentum</strong></span> <span class='ocrx_word' id='word_1_38' title='bbox 978 1493 1094 1562; x_wconf 87' lang='lat' dir='ltr'><strong>iacere</strong></span> <span class='ocrx_word' id='word_1_39' title='bbox 1122 1492 1341 1560; x_wconf 85' lang='lat' dir='ltr'><strong>tardauerint</strong></span> <span class='ocrx_word' id='word_1_40' title='bbox 1369 1502 1406 1561; x_wconf 91' lang='lat' dir='ltr'><strong>et</strong></span> <span class='ocrx_word' id='word_1_41' title='bbox 1439 1491 1689 1574; x_wconf 84' lang='lat' dir='ltr'><strong>recusauerint,</strong></span> <span class='ocrx_word' id='word_1_42' title='bbox 1719 1500 1849 1560; x_wconf 82' lang='lat' dir='ltr'><strong>extunc</strong></span> <span class='ocrx_word' id='word_1_43' title='bbox 1877 1493 1959 1561; x_wconf 85' lang='lat' dir='ltr'><strong>volo</strong></span> <span class='ocrx_word' id='word_1_44' title='bbox 1987 1504 2024 1562; x_wconf 90' lang='lat' dir='ltr'><strong>et</strong></span> 
     </span>
     <span class='ocr_line' id='line_1_6' title="bbox 520 1621 2024 1717; baseline 0 -21"><span class='ocrx_word' id='word_1_45' title='bbox 520 1629 675 1696; x_wconf 87' lang='lat' dir='ltr'><strong>concedo</strong></span> <span class='ocrx_word' id='word_1_46' title='bbox 703 1630 798 1716; x_wconf 86' lang='lat' dir='ltr'><strong>qnod</strong></span> <span class='ocrx_word' id='word_1_47' title='bbox 826 1630 918 1698; x_wconf 87' lang='lat' dir='ltr'><strong>bene</strong></span> <span class='ocrx_word' id='word_1_48' title='bbox 945 1631 1052 1698; x_wconf 90' lang='lat' dir='ltr'><strong>liceat</strong></span> <span class='ocrx_word' id='word_1_49' title='bbox 1080 1629 1210 1717; x_wconf 78' lang='lat' dir='ltr'><strong>Maiori</strong></span> <span class='ocrx_word' id='word_1_50' title='bbox 1238 1629 1324 1698; x_wconf 84' lang='lat' dir='ltr'><strong>ville</strong></span> <span class='ocrx_word' id='word_1_51' title='bbox 1352 1621 1532 1696; x_wconf 84' lang='lat' dir='ltr'><strong>Bristollie</strong></span> <span class='ocrx_word' id='word_1_52' title='bbox 1561 1629 1622 1716; x_wconf 89' lang='lat' dir='ltr'><strong>qui</strong></span> <span class='ocrx_word' id='word_1_53' title='bbox 1650 1646 1715 1716; x_wconf 87' lang='lat' dir='ltr'><strong>pro</strong></span> <span class='ocrx_word' id='word_1_54' title='bbox 1740 1639 1899 1714; x_wconf 85' lang='lat' dir='ltr'><strong>tempore</strong></span> <span class='ocrx_word' id='word_1_55' title='bbox 1919 1627 2024 1696; x_wconf 84' lang='lat' dir='ltr'><strong>fuerit</strong></span> 
     </span>
     <span class='ocr_line' id='line_1_7' title="bbox 520 1743 2022 1853; baseline 0 -21"><span class='ocrx_word' id='word_1_56' title='bbox 520 1765 558 1832; x_wconf 76' lang='lat' dir='ltr'><strong>sn</strong></span> <span class='ocrx_word' id='word_1_57' title='bbox 607 1765 773 1834; x_wconf 73' lang='lat' dir='ltr'><strong>omnibus</strong></span> <span class='ocrx_word' id='word_1_58' title='bbox 822 1767 1033 1834; x_wconf 66' lang='lat' dir='ltr'><strong>tenementis</strong></span> <span class='ocrx_word' id='word_1_59' title='bbox 1082 1765 1295 1853; x_wconf 84' lang='lat' dir='ltr'><strong>supradictis</strong></span> <span class='ocrx_word' id='word_1_60' title='bbox 1344 1785 1425 1832; x_wconf 80' lang='lat' dir='ltr'><strong>cum</strong></span> <span class='ocrx_word' id='word_1_61' title='bbox 1476 1765 1550 1833; x_wconf 74' lang='lat' dir='ltr'><strong>sua</strong></span> <span class='ocrx_word' id='word_1_62' title='bbox 1592 1764 1819 1852; x_wconf 65' lang='lat' dir='ltr'><strong>pertinenciis</strong></span> <span class='ocrx_word' id='word_1_63' title='bbox 1847 1743 2022 1852; x_wconf 62' lang='lat' dir='ltr'><strong>‘agraet</strong></span> 
     </span>
     <span class='ocr_line' id='line_1_8' title="bbox 518 1901 2023 1990; baseline 0.001 -20"><span class='ocrx_word' id='word_1_64' title='bbox 518 1901 729 1990; x_wconf 61' lang='lat' dir='ltr'><strong>&amp;effingere</strong></span> <span class='ocrx_word' id='word_1_65' title='bbox 757 1912 794 1971; x_wconf 92' lang='lat' dir='ltr'><strong>et</strong></span> <span class='ocrx_word' id='word_1_66' title='bbox 822 1902 1064 1972; x_wconf 80' lang='lat' dir='ltr'><strong>districciones</strong></span> <span class='ocrx_word' id='word_1_67' title='bbox 1091 1921 1202 1990; x_wconf 87' lang='lat' dir='ltr'><strong>penes</strong></span> <span class='ocrx_word' id='word_1_68' title='bbox 1230 1921 1270 1970; x_wconf 89' lang='lat' dir='ltr'><strong>se</strong></span> <span class='ocrx_word' id='word_1_69' title='bbox 1297 1903 1448 1970; x_wconf 84' lang='lat' dir='ltr'><strong>retinere</strong></span> <span class='ocrx_word' id='word_1_70' title='bbox 1476 1921 1658 1990; x_wconf 80' lang='lat' dir='ltr'><strong>quousque</strong></span> <span class='ocrx_word' id='word_1_71' title='bbox 1686 1903 1802 1970; x_wconf 88' lang='lat' dir='ltr'><strong>dictus</strong></span> <span class='ocrx_word' id='word_1_72' title='bbox 1825 1901 1944 1970; x_wconf 87' lang='lat' dir='ltr'><strong>David</strong></span> <span class='ocrx_word' id='word_1_73' title='bbox 1964 1902 2023 1971; x_wconf 81' lang='lat' dir='ltr'><strong>vel</strong></span> 
     </span>
     <span class='ocr_line' id='line_1_9' title="bbox 519 2039 2023 2130; baseline 0.003 -25"><span class='ocrx_word' id='word_1_74' title='bbox 519 2055 738 2108; x_wconf 84' lang='lat' dir='ltr'><strong>successores</strong></span> <span class='ocrx_word' id='word_1_75' title='bbox 766 2039 822 2108; x_wconf 87' lang='lat' dir='ltr'><strong>sui</strong></span> <span class='ocrx_word' id='word_1_76' title='bbox 849 2049 1109 2109; x_wconf 86' lang='lat' dir='ltr'><strong>sacramentum</strong></span> <span class='ocrx_word' id='word_1_77' title='bbox 1138 2040 1244 2109; x_wconf 88' lang='lat' dir='ltr'><strong>modo</strong></span> <span class='ocrx_word' id='word_1_78' title='bbox 1273 2042 1431 2126; x_wconf 89' lang='lat' dir='ltr'><strong>predicto</strong></span> <span class='ocrx_word' id='word_1_79' title='bbox 1460 2041 1573 2130; x_wconf 76' lang='lat' dir='ltr'><strong>gratis</strong></span> <span class='ocrx_word' id='word_1_80' title='bbox 1601 2051 1639 2110; x_wconf 86' lang='lat' dir='ltr'><strong>et</strong></span> <span class='ocrx_word' id='word_1_81' title='bbox 1673 2043 1871 2111; x_wconf 88' lang='lat' dir='ltr'><strong>voluntarie</strong></span> <span class='ocrx_word' id='word_1_82' title='bbox 1906 2039 2023 2110; x_wconf 82' lang='lat' dir='ltr'><strong>facere</strong></span> 
     </span>
     <span class='ocr_line' id='line_1_10' title="bbox 517 2173 2020 2266; baseline 0.002 -25"><span class='ocrx_word' id='word_1_83' title='bbox 517 2173 701 2243; x_wconf 83' lang='lat' dir='ltr'><strong>voluerint</strong></span> <span class='ocrx_word' id='word_1_84' title='bbox 759 2174 809 2243; x_wconf 90' lang='lat' dir='ltr'><strong>Et</strong></span> <span class='ocrx_word' id='word_1_85' title='bbox 844 2196 913 2266; x_wconf 79' lang='lat' dir='ltr'><strong>ego</strong></span> <span class='ocrx_word' id='word_1_86' title='bbox 949 2196 1033 2245; x_wconf 87' lang='lat' dir='ltr'><strong>vero</strong></span> <span class='ocrx_word' id='word_1_87' title='bbox 1076 2177 1255 2263; x_wconf 85' lang='lat' dir='ltr'><strong>predictus</strong></span> <span class='ocrx_word' id='word_1_88' title='bbox 1294 2175 1473 2243; x_wconf 88' lang='lat' dir='ltr'><strong>Ricardus</strong></span> <span class='ocrx_word' id='word_1_89' title='bbox 1514 2183 1551 2242; x_wconf 86' lang='lat' dir='ltr'><strong>et</strong></span> <span class='ocrx_word' id='word_1_90' title='bbox 1593 2175 1742 2244; x_wconf 77' lang='lat' dir='ltr'><strong>heredes</strong></span> <span class='ocrx_word' id='word_1_91' title='bbox 1785 2176 1855 2244; x_wconf 87' lang='lat' dir='ltr'><strong>mei</strong></span> <span class='ocrx_word' id='word_1_92' title='bbox 1898 2175 2020 2244; x_wconf 86' lang='lat' dir='ltr'><strong>omnia</strong></span> 
     </span>
     <span class='ocr_line' id='line_1_11' title="bbox 516 2311 2021 2402; baseline 0.003 -24"><span class='ocrx_word' id='word_1_93' title='bbox 516 2311 676 2397; x_wconf 89' lang='lat' dir='ltr'><strong>predicta</strong></span> <span class='ocrx_word' id='word_1_94' title='bbox 690 2321 902 2396; x_wconf 84' lang='lat' dir='ltr'><strong>tenementa,</strong></span> <span class='ocrx_word' id='word_1_95' title='bbox 917 2313 1029 2400; x_wconf 88' lang='lat' dir='ltr'><strong>shope</strong></span> <span class='ocrx_word' id='word_1_96' title='bbox 1043 2312 1114 2402; x_wconf 76' lang='lat' dir='ltr'><strong>(sic)</strong></span> <span class='ocrx_word' id='word_1_97' title='bbox 1129 2323 1166 2381; x_wconf 87' lang='lat' dir='ltr'><strong>et</strong></span> <span class='ocrx_word' id='word_1_98' title='bbox 1180 2313 1349 2382; x_wconf 88' lang='lat' dir='ltr'><strong>solarium</strong></span> <span class='ocrx_word' id='word_1_99' title='bbox 1362 2333 1443 2380; x_wconf 89' lang='lat' dir='ltr'><strong>cum</strong></span> <span class='ocrx_word' id='word_1_100' title='bbox 1464 2311 1629 2380; x_wconf 87' lang='lat' dir='ltr'><strong>omnibus</strong></span> <span class='ocrx_word' id='word_1_101' title='bbox 1650 2331 1771 2380; x_wconf 88' lang='lat' dir='ltr'><strong>eorum</strong></span> <span class='ocrx_word' id='word_1_102' title='bbox 1792 2312 2021 2399; x_wconf 76' lang='lat' dir='ltr'><strong>pertinenciis</strong></span> 
     </span>
     <span class='ocr_line' id='line_1_12' title="bbox 518 2447 2022 2536; baseline 0.003 -21"><span class='ocrx_word' id='word_1_103' title='bbox 518 2447 614 2516; x_wconf 89' lang='lat' dir='ltr'><strong>dicto</strong></span> <span class='ocrx_word' id='word_1_104' title='bbox 642 2447 761 2517; x_wconf 87' lang='lat' dir='ltr'><strong>David</strong></span> <span class='ocrx_word' id='word_1_105' title='bbox 797 2458 835 2517; x_wconf 91' lang='lat' dir='ltr'><strong>et</strong></span> <span class='ocrx_word' id='word_1_106' title='bbox 869 2449 1129 2519; x_wconf 87' lang='lat' dir='ltr'><strong>successoribus</strong></span> <span class='ocrx_word' id='word_1_107' title='bbox 1166 2450 1240 2518; x_wconf 87' lang='lat' dir='ltr'><strong>suis</strong></span> <span class='ocrx_word' id='word_1_108' title='bbox 1276 2448 1470 2536; x_wconf 81' lang='lat' dir='ltr'><strong>capellanis</strong></span> <span class='ocrx_word' id='word_1_109' title='bbox 1506 2447 1639 2516; x_wconf 83' lang='lat' dir='ltr'><strong>diuina¹</strong></span> <span class='ocrx_word' id='word_1_110' title='bbox 1666 2449 1706 2515; x_wconf 92' lang='lat' dir='ltr'><strong>in</strong></span> <span class='ocrx_word' id='word_1_111' title='bbox 1740 2448 1837 2517; x_wconf 86' lang='lat' dir='ltr'><strong>dicta</strong></span> <span class='ocrx_word' id='word_1_112' title='bbox 1872 2450 2022 2519; x_wconf 78' lang='lat' dir='ltr'><strong>eoelesia</strong></span> 
     </span>
     <span class='ocr_line' id='line_1_13' title="bbox 513 2584 2022 2674; baseline 0.003 -22"><span class='ocrx_word' id='word_1_113' title='bbox 513 2586 619 2672; x_wconf 79' lang='lat' dir='ltr'><strong>juxta</strong></span> <span class='ocrx_word' id='word_1_114' title='bbox 646 2584 796 2654; x_wconf 85' lang='lat' dir='ltr'><strong>formam</strong></span> <span class='ocrx_word' id='word_1_115' title='bbox 824 2586 1020 2674; x_wconf 87' lang='lat' dir='ltr'><strong>predictam</strong></span> <span class='ocrx_word' id='word_1_116' title='bbox 1048 2587 1096 2657; x_wconf 89' lang='lat' dir='ltr'><strong>ad</strong></span> <span class='ocrx_word' id='word_1_117' title='bbox 1124 2588 1236 2656; x_wconf 89' lang='lat' dir='ltr'><strong>altare</strong></span> <span class='ocrx_word' id='word_1_118' title='bbox 1264 2589 1369 2655; x_wconf 85' lang='lat' dir='ltr'><strong>beate</strong></span> <span class='ocrx_word' id='word_1_119' title='bbox 1394 2586 1508 2654; x_wconf 80' lang='lat' dir='ltr'><strong>Maria</strong></span> <span class='ocrx_word' id='word_1_120' title='bbox 1536 2585 1686 2674; x_wconf 82' lang='lat' dir='ltr'><strong>uirginis</strong></span> <span class='ocrx_word' id='word_1_121' title='bbox 1713 2585 2022 2657; x_wconf 76' lang='lat' dir='ltr'><strong>warantizabimus</strong></span> 
     </span>
     <span class='ocr_line' id='line_1_14' title="bbox 517 2720 2022 2813; baseline 0.002 -24"><span class='ocrx_word' id='word_1_122' title='bbox 517 2731 555 2789; x_wconf 90' lang='lat' dir='ltr'><strong>et</strong></span> <span class='ocrx_word' id='word_1_123' title='bbox 582 2720 809 2791; x_wconf 72' lang='lat' dir='ltr'><strong>defendamus</strong></span> <span class='ocrx_word' id='word_1_124' title='bbox 834 2723 1103 2812; x_wconf 79' lang='lat' dir='ltr'><strong>imperpetuum.</strong></span> <span class='ocrx_word' id='word_1_125' title='bbox 1157 2724 1203 2791; x_wconf 89' lang='lat' dir='ltr'><strong>In</strong></span> <span class='ocrx_word' id='word_1_126' title='bbox 1238 2727 1338 2813; x_wconf 84' lang='lat' dir='ltr'><strong>cujus</strong></span> <span class='ocrx_word' id='word_1_127' title='bbox 1373 2723 1425 2791; x_wconf 90' lang='lat' dir='ltr'><strong>rei</strong></span> <span class='ocrx_word' id='word_1_128' title='bbox 1461 2722 1702 2792; x_wconf 86' lang='lat' dir='ltr'><strong>testimonium</strong></span> <span class='ocrx_word' id='word_1_129' title='bbox 1737 2741 1807 2810; x_wconf 80' lang='lat' dir='ltr'><strong>ego</strong></span> <span class='ocrx_word' id='word_1_130' title='bbox 1842 2721 2022 2808; x_wconf 89' lang='lat' dir='ltr'><strong>predictus</strong></span> 
     </span>
     <span class='ocr_line' id='line_1_15' title="bbox 516 2857 2022 2949; baseline 0.003 -24"><span class='ocrx_word' id='word_1_131' title='bbox 516 2857 695 2926; x_wconf 87' lang='lat' dir='ltr'><strong>Ricardus</strong></span> <span class='ocrx_word' id='word_1_132' title='bbox 744 2860 968 2943; x_wconf 79' lang='lat' dir='ltr'><strong>presentibus</strong></span> <span class='ocrx_word' id='word_1_133' title='bbox 1014 2860 1212 2930; x_wconf 84' lang='lat' dir='ltr'><strong>indenturis</strong></span> <span class='ocrx_word' id='word_1_134' title='bbox 1238 2861 1414 2949; x_wconf 79' lang='lat' dir='ltr'><strong>¹sigillum</strong></span> <span class='ocrx_word' id='word_1_135' title='bbox 1458 2880 1576 2928; x_wconf 90' lang='lat' dir='ltr'><strong>meum</strong></span> <span class='ocrx_word' id='word_1_136' title='bbox 1619 2858 1780 2946; x_wconf 84' lang='lat' dir='ltr'><strong>apposui.</strong></span> <span class='ocrx_word' id='word_1_137' title='bbox 1846 2859 1895 2927; x_wconf 90' lang='lat' dir='ltr'><strong>Et</strong></span> <span class='ocrx_word' id='word_1_138' title='bbox 1937 2860 2022 2947; x_wconf 87' lang='lat' dir='ltr'><strong>quia</strong></span> 
     </span>
     <span class='ocr_line' id='line_1_16' title="bbox 515 2993 2021 3084; baseline 0.003 -23"><span class='ocrx_word' id='word_1_139' title='bbox 515 3003 698 3083; x_wconf 82' lang='lat' dir='ltr'><strong>presentes</strong></span> <span class='ocrx_word' id='word_1_140' title='bbox 726 2993 864 3062; x_wconf 88' lang='lat' dir='ltr'><strong>litteras</strong></span> <span class='ocrx_word' id='word_1_141' title='bbox 891 2996 930 3062; x_wconf 88' lang='lat' dir='ltr'><strong>in</strong></span> <span class='ocrx_word' id='word_1_142' title='bbox 965 3005 1038 3064; x_wconf 89' lang='lat' dir='ltr'><strong>tras</strong></span> <span class='ocrx_word' id='word_1_143' title='bbox 1073 3007 1193 3084; x_wconf 82' lang='lat' dir='ltr'><strong>partas</strong></span> <span class='ocrx_word' id='word_1_144' title='bbox 1228 2997 1363 3066; x_wconf 86' lang='lat' dir='ltr'><strong>diuisas</strong></span> <span class='ocrx_word' id='word_1_145' title='bbox 1399 2997 1445 3064; x_wconf 94' lang='lat' dir='ltr'><strong>ad</strong></span> <span class='ocrx_word' id='word_1_146' title='bbox 1481 3004 1687 3084; x_wconf 79' lang='lat' dir='ltr'><strong>perpensam</strong></span> <span class='ocrx_word' id='word_1_147' title='bbox 1723 2996 2021 3065; x_wconf 85' lang='lat' dir='ltr'><strong>sustentacionam</strong></span> 
     </span>
     <span class='ocr_line' id='line_1_17' title="bbox 516 3129 2022 3221; baseline 0.001 -21"><span class='ocrx_word' id='word_1_148' title='bbox 516 3131 667 3219; x_wconf 85' lang='lat' dir='ltr'><strong>predicti</strong></span> <span class='ocrx_word' id='word_1_149' title='bbox 707 3131 822 3199; x_wconf 89' lang='lat' dir='ltr'><strong>diuini</strong></span> <span class='ocrx_word' id='word_1_150' title='bbox 863 3131 971 3200; x_wconf 88' lang='lat' dir='ltr'><strong>officii</strong></span> <span class='ocrx_word' id='word_1_151' title='bbox 1014 3133 1190 3202; x_wconf 85' lang='lat' dir='ltr'><strong>custodire</strong></span> <span class='ocrx_word' id='word_1_152' title='bbox 1232 3134 1404 3216; x_wconf 86' lang='lat' dir='ltr'><strong>desidero,</strong></span> <span class='ocrx_word' id='word_1_153' title='bbox 1449 3133 1607 3221; x_wconf 81' lang='lat' dir='ltr'><strong>sigillum</strong></span> <span class='ocrx_word' id='word_1_154' title='bbox 1649 3129 1754 3200; x_wconf 87' lang='lat' dir='ltr'><strong>officii</strong></span> <span class='ocrx_word' id='word_1_155' title='bbox 1800 3132 2022 3219; x_wconf 83' lang='lat' dir='ltr'><strong>majoritatus</strong></span> 
     </span>
     <span class='ocr_line' id='line_1_18' title="bbox 517 3268 2022 3360; baseline 0.002 -25"><span class='ocrx_word' id='word_1_156' title='bbox 517 3269 603 3336; x_wconf 82' lang='lat' dir='ltr'><strong>ville</strong></span> <span class='ocrx_word' id='word_1_157' title='bbox 630 3268 812 3337; x_wconf 87' lang='lat' dir='ltr'><strong>Bristollie</strong></span> <span class='ocrx_word' id='word_1_158' title='bbox 840 3269 1004 3338; x_wconf 89' lang='lat' dir='ltr'><strong>similiter</strong></span> <span class='ocrx_word' id='word_1_159' title='bbox 1031 3273 1164 3360; x_wconf 86' lang='lat' dir='ltr'><strong>apponi</strong></span> <span class='ocrx_word' id='word_1_160' title='bbox 1191 3271 1389 3359; x_wconf 87' lang='lat' dir='ltr'><strong>procuraui,</strong></span> <span class='ocrx_word' id='word_1_161' title='bbox 1418 3272 1512 3340; x_wconf 85' lang='lat' dir='ltr'><strong>vnde</strong></span> <span class='ocrx_word' id='word_1_162' title='bbox 1547 3290 1619 3338; x_wconf 89' lang='lat' dir='ltr'><strong>vna</strong></span> <span class='ocrx_word' id='word_1_163' title='bbox 1652 3289 1738 3357; x_wconf 87' lang='lat' dir='ltr'><strong>pars</strong></span> <span class='ocrx_word' id='word_1_164' title='bbox 1772 3289 1853 3338; x_wconf 91' lang='lat' dir='ltr'><strong>cum</strong></span> <span class='ocrx_word' id='word_1_165' title='bbox 1889 3269 2022 3338; x_wconf 85' lang='lat' dir='ltr'><strong>vicario</strong></span> 
     </span>
     <span class='ocr_line' id='line_1_19' title="bbox 518 3373 2023 3494; baseline -0.001 -21"><span class='ocrx_word' id='word_1_166' title='bbox 518 3373 555 3473; x_wconf 87' lang='lat' dir='ltr'><strong>et</strong></span> <span class='ocrx_word' id='word_1_167' title='bbox 588 3405 874 3494; x_wconf 72' lang='lat' dir='ltr'><strong>procuratoribus</strong></span> <span class='ocrx_word' id='word_1_168' title='bbox 909 3406 1068 3476; x_wconf 86' lang='lat' dir='ltr'><strong>Ecclesia</strong></span> <span class='ocrx_word' id='word_1_169' title='bbox 1104 3407 1229 3476; x_wconf 84' lang='lat' dir='ltr'><strong>Sancti</strong></span> <span class='ocrx_word' id='word_1_170' title='bbox 1264 3407 1430 3476; x_wconf 72' lang='lat' dir='ltr'><strong>menelai</strong></span> <span class='ocrx_word' id='word_1_171' title='bbox 1468 3407 1636 3494; x_wconf 84' lang='lat' dir='ltr'><strong>predicte,</strong></span> <span class='ocrx_word' id='word_1_172' title='bbox 1673 3405 1785 3473; x_wconf 86' lang='lat' dir='ltr'><strong>altera</strong></span> <span class='ocrx_word' id='word_1_173' title='bbox 1820 3425 1903 3473; x_wconf 88' lang='lat' dir='ltr'><strong>vero</strong></span> <span class='ocrx_word' id='word_1_174' title='bbox 1937 3425 2023 3492; x_wconf 88' lang='lat' dir='ltr'><strong>pars</strong></span> 
     </span>
     <span class='ocr_line' id='line_1_20' title="bbox 516 3541 2022 3627; baseline -0.001 -18"><span class='ocrx_word' id='word_1_175' title='bbox 516 3559 667 3609; x_wconf 87' lang='lat' dir='ltr'><strong>vnacum</strong></span> <span class='ocrx_word' id='word_1_176' title='bbox 718 3543 866 3611; x_wconf 85' lang='lat' dir='ltr'><strong>licencia</strong></span> <span class='ocrx_word' id='word_1_177' title='bbox 916 3541 1201 3612; x_wconf 85' lang='lat' dir='ltr'><strong>mortificacionis</strong></span> <span class='ocrx_word' id='word_1_178' title='bbox 1251 3552 1543 3623; x_wconf 86' lang='lat' dir='ltr'><strong>tenementorum,</strong></span> <span class='ocrx_word' id='word_1_179' title='bbox 1587 3543 1778 3627; x_wconf 88' lang='lat' dir='ltr'><strong>shoparum</strong></span> <span class='ocrx_word' id='word_1_180' title='bbox 1820 3551 1858 3608; x_wconf 87' lang='lat' dir='ltr'><strong>at</strong></span> <span class='ocrx_word' id='word_1_181' title='bbox 1901 3541 2022 3609; x_wconf 84' lang='lat' dir='ltr'><strong>solarii</strong></span> 
     </span>
     <span class='ocr_line' id='line_1_21' title="bbox 515 3677 2021 3767; baseline -0.001 -20"><span class='ocrx_word' id='word_1_182' title='bbox 515 3678 752 3765; x_wconf 85' lang='lat' dir='ltr'><strong>predictorum</strong></span> <span class='ocrx_word' id='word_1_183' title='bbox 780 3700 860 3748; x_wconf 89' lang='lat' dir='ltr'><strong>cum</strong></span> <span class='ocrx_word' id='word_1_184' title='bbox 890 3682 1024 3767; x_wconf 84' lang='lat' dir='ltr'><strong>majore</strong></span> <span class='ocrx_word' id='word_1_185' title='bbox 1051 3681 1144 3748; x_wconf 87' lang='lat' dir='ltr'><strong>inter</strong></span> <span class='ocrx_word' id='word_1_186' title='bbox 1180 3681 1399 3749; x_wconf 88' lang='lat' dir='ltr'><strong>munimenta</strong></span> <span class='ocrx_word' id='word_1_187' title='bbox 1435 3677 1698 3748; x_wconf 86' lang='lat' dir='ltr'><strong>communitatis</strong></span> <span class='ocrx_word' id='word_1_188' title='bbox 1733 3677 1818 3746; x_wconf 81' lang='lat' dir='ltr'><strong>ville</strong></span> <span class='ocrx_word' id='word_1_189' title='bbox 1852 3677 2021 3764; x_wconf 84' lang='lat' dir='ltr'><strong>predicte,</strong></span> 
     </span>
     <span class='ocr_line' id='line_1_22' title="bbox 516 3813 2021 3904; baseline 0 -22"><span class='ocrx_word' id='word_1_190' title='bbox 516 3823 553 3882; x_wconf 88' lang='lat' dir='ltr'><strong>et</strong></span> <span class='ocrx_word' id='word_1_191' title='bbox 591 3815 702 3884; x_wconf 88' lang='lat' dir='ltr'><strong>tercia</strong></span> <span class='ocrx_word' id='word_1_192' title='bbox 743 3835 828 3902; x_wconf 84' lang='lat' dir='ltr'><strong>pars</strong></span> <span class='ocrx_word' id='word_1_193' title='bbox 864 3835 944 3884; x_wconf 89' lang='lat' dir='ltr'><strong>cum</strong></span> <span class='ocrx_word' id='word_1_194' title='bbox 979 3816 1138 3902; x_wconf 86' lang='lat' dir='ltr'><strong>predicto</strong></span> <span class='ocrx_word' id='word_1_195' title='bbox 1173 3817 1359 3904; x_wconf 88' lang='lat' dir='ltr'><strong>capellano</strong></span> <span class='ocrx_word' id='word_1_196' title='bbox 1395 3827 1433 3884; x_wconf 89' lang='lat' dir='ltr'><strong>et</strong></span> <span class='ocrx_word' id='word_1_197' title='bbox 1474 3814 1548 3882; x_wconf 89' lang='lat' dir='ltr'><strong>suis</strong></span> <span class='ocrx_word' id='word_1_198' title='bbox 1588 3813 1848 3882; x_wconf 82' lang='lat' dir='ltr'><strong>successoribus</strong></span> <span class='ocrx_word' id='word_1_199' title='bbox 1887 3813 2021 3882; x_wconf 84' lang='lat' dir='ltr'><strong>dictum</strong></span> 
     </span>
     <span class='ocr_line' id='line_1_23' title="bbox 517 3949 2020 4038; baseline 0 -20"><span class='ocrx_word' id='word_1_200' title='bbox 517 3950 676 4018; x_wconf 89' lang='lat' dir='ltr'><strong>diuinum</strong></span> <span class='ocrx_word' id='word_1_201' title='bbox 704 3949 857 4021; x_wconf 87' lang='lat' dir='ltr'><strong>officium</strong></span> <span class='ocrx_word' id='word_1_202' title='bbox 887 3953 1115 4020; x_wconf 86' lang='lat' dir='ltr'><strong>celebraturis</strong></span> <span class='ocrx_word' id='word_1_203' title='bbox 1149 3953 1392 4022; x_wconf 83' lang='lat' dir='ltr'><strong>custodiantur</strong></span> <span class='ocrx_word' id='word_1_204' title='bbox 1427 3973 1470 4020; x_wconf 84' lang='lat' dir='ltr'><strong>ac</strong></span> <span class='ocrx_word' id='word_1_205' title='bbox 1506 3958 1714 4018; x_wconf 86' lang='lat' dir='ltr'><strong>remaneant</strong></span> <span class='ocrx_word' id='word_1_206' title='bbox 1749 3949 2020 4038; x_wconf 87' lang='lat' dir='ltr'><strong>imperpetuum.</strong></span> 
     </span>
     <span class='ocr_line' id='line_1_24' title="bbox 516 4085 2019 4179; baseline -0.001 -24"><span class='ocrx_word' id='word_1_207' title='bbox 516 4085 650 4156; x_wconf 84' lang='lat' dir='ltr'><strong>Datum</strong></span> <span class='ocrx_word' id='word_1_208' title='bbox 678 4087 859 4156; x_wconf 91' lang='lat' dir='ltr'><strong>Bristollie</strong></span> <span class='ocrx_word' id='word_1_209' title='bbox 887 4091 946 4157; x_wconf 88' lang='lat' dir='ltr'><strong>die</strong></span> <span class='ocrx_word' id='word_1_210' title='bbox 975 4089 1126 4158; x_wconf 87' lang='lat' dir='ltr'><strong>Sabbati</strong></span> <span class='ocrx_word' id='word_1_211' title='bbox 1153 4091 1192 4158; x_wconf 91' lang='lat' dir='ltr'><strong>in</strong></span> <span class='ocrx_word' id='word_1_212' title='bbox 1220 4091 1345 4179; x_wconf 75' lang='lat' dir='ltr'><strong>vigilia</strong></span> <span class='ocrx_word' id='word_1_213' title='bbox 1374 4089 1521 4172; x_wconf 78' lang='lat' dir='ltr'><strong>Pascha,</strong></span> <span class='ocrx_word' id='word_1_214' title='bbox 1542 4087 1653 4156; x_wconf 85' lang='lat' dir='ltr'><strong>Anno</strong></span> <span class='ocrx_word' id='word_1_215' title='bbox 1673 4085 1808 4155; x_wconf 89' lang='lat' dir='ltr'><strong>domini</strong></span> <span class='ocrx_word' id='word_1_216' title='bbox 1830 4085 2019 4155; x_wconf 88' lang='lat' dir='ltr'><strong>millesimo</strong></span> 
     </span>
     <span class='ocr_line' id='line_1_25' title="bbox 517 4223 2021 4314; baseline 0 -23"><span class='ocrx_word' id='word_1_217' title='bbox 517 4223 753 4293; x_wconf 86' lang='lat' dir='ltr'><strong>tricentesimo</strong></span> <span class='ocrx_word' id='word_1_218' title='bbox 801 4227 1063 4314; x_wconf 81' lang='lat' dir='ltr'><strong>septuagesimo</strong></span> <span class='ocrx_word' id='word_1_219' title='bbox 1114 4229 1275 4314; x_wconf 89' lang='lat' dir='ltr'><strong>septimo,</strong></span> <span class='ocrx_word' id='word_1_220' title='bbox 1320 4238 1357 4296; x_wconf 89' lang='lat' dir='ltr'><strong>et</strong></span> <span class='ocrx_word' id='word_1_221' title='bbox 1401 4246 1495 4295; x_wconf 90' lang='lat' dir='ltr'><strong>anno</strong></span> <span class='ocrx_word' id='word_1_222' title='bbox 1543 4223 1647 4312; x_wconf 80' lang='lat' dir='ltr'><strong>regni</strong></span> <span class='ocrx_word' id='word_1_223' title='bbox 1690 4223 1807 4312; x_wconf 77' lang='lat' dir='ltr'><strong>Regis</strong></span> <span class='ocrx_word' id='word_1_224' title='bbox 1854 4223 2021 4292; x_wconf 84' lang='lat' dir='ltr'><strong>Edwardi</strong></span> 
     </span>
     <span class='ocr_line' id='line_1_26' title="bbox 516 4357 1625 4453; baseline 0.002 -27"><span class='ocrx_word' id='word_1_225' title='bbox 516 4359 616 4428; x_wconf 90' lang='lat' dir='ltr'><strong>tercii</strong></span> <span class='ocrx_word' id='word_1_226' title='bbox 643 4369 725 4448; x_wconf 87' lang='lat' dir='ltr'><strong>post</strong></span> <span class='ocrx_word' id='word_1_227' title='bbox 752 4371 982 4448; x_wconf 86' lang='lat' dir='ltr'><strong>conquestum</strong></span> <span class='ocrx_word' id='word_1_228' title='bbox 1012 4363 1308 4453; x_wconf 82' lang='lat' dir='ltr'><strong>quinquagesimo</strong></span> <span class='ocrx_word' id='word_1_229' title='bbox 1337 4365 1456 4451; x_wconf 89' lang='lat' dir='ltr'><strong>primo</strong></span> <span class='ocrx_word' id='word_1_230' title='bbox 1494 4357 1625 4453; x_wconf 78' lang='lat'>[¹³77]-</span> 
     </span>
    </p>
   </div>
   <div class='ocr_carea' id='block_1_3' title="bbox 522 4572 2031 4817">
    <p class='ocr_par' dir='ltr' id='par_1_3' title="bbox 522 4572 2031 4817">
     <span class='ocr_line' id='line_1_27' title="bbox 522 4572 2031 4656; baseline 0 -4"><span class='ocrx_word' id='word_1_231' title='bbox 522 4573 856 4655; x_wconf 86' lang='lat' dir='ltr'><em>COMPOSICIO</em></span> <span class='ocrx_word' id='word_1_232' title='bbox 920 4575 1214 4656; x_wconf 84' lang='lat' dir='ltr'><em>CANTARIE</em></span> <span class='ocrx_word' id='word_1_233' title='bbox 1274 4575 1563 4656; x_wconf 87' lang='lat' dir='ltr'><em>EDMUNDI</em></span> <span class='ocrx_word' id='word_1_234' title='bbox 1614 4572 1858 4652; x_wconf 84' lang='lat' dir='ltr'><em>BLANKE</em></span> <span class='ocrx_word' id='word_1_235' title='bbox 1863 4575 1903 4654; x_wconf 87' lang='grc' dir='ltr'><em>Τ</em></span> <span class='ocrx_word' id='word_1_236' title='bbox 1954 4575 2031 4652; x_wconf 87' lang='lat' dir='ltr'><strong>IN</strong></span> 
     </span>
     <span class='ocr_line' id='line_1_28' title="bbox 657 4721 1873 4817; baseline -0.002 -15"><span class='ocrx_word' id='word_1_237' title='bbox 657 4725 939 4804; x_wconf 85' lang='lat' dir='ltr'><em>ECCLESIA</em></span> <span class='ocrx_word' id='word_1_238' title='bbox 987 4728 1136 4806; x_wconf 86' lang='lat' dir='ltr'><em>SANC</em></span> <span class='ocrx_word' id='word_1_239' title='bbox 1140 4728 1200 4805; x_wconf 87' lang='lat' dir='ltr'><strong>TI</strong></span> <span class='ocrx_word' id='word_1_240' title='bbox 1235 4725 1537 4817; x_wconf 83' lang='lat' dir='ltr'><em>STEPHANI,</em></span> <span class='ocrx_word' id='word_1_241' title='bbox 1580 4721 1873 4802; x_wconf 83' lang='lat' dir='ltr'><em>BRISTOLL.</em></span> 
     </span>
    </p>
   </div>
   <div class='ocr_carea' id='block_1_4' title="bbox 513 4893 2244 5262">
    <p class='ocr_par' dir='ltr' id='par_1_4' title="bbox 513 4893 2244 5262">
     <span class='ocr_line' id='line_1_29' title="bbox 645 4893 2244 5005; baseline 0.006 -39"><span class='ocrx_word' id='word_1_242' title='bbox 645 4898 833 4967; x_wconf 88' lang='lat' dir='ltr'><strong>Uniuersis</strong></span> <span class='ocrx_word' id='word_1_243' title='bbox 854 4899 986 4968; x_wconf 87' lang='lat' dir='ltr'><strong>Christi</strong></span> <span class='ocrx_word' id='word_1_244' title='bbox 1007 4893 1170 4970; x_wconf 82' lang='lat' dir='ltr'><strong>fidelibus</strong></span> <span class='ocrx_word' id='word_1_245' title='bbox 1190 4915 1389 4989; x_wconf 87' lang='lat' dir='ltr'><strong>presentem</strong></span> <span class='ocrx_word' id='word_1_246' title='bbox 1410 4911 1544 4970; x_wconf 85' lang='lat' dir='ltr'><strong>cartam</strong></span> <span class='ocrx_word' id='word_1_247' title='bbox 1564 4900 1778 4986; x_wconf 82' lang='lat' dir='ltr'><strong>tripartitam</strong></span> <span class='ocrx_word' id='word_1_248' title='bbox 1797 4898 2017 4968; x_wconf 85' lang='lat' dir='ltr'><strong>indentatam</strong></span> <span class='ocrx_word' id='word_1_249' title='bbox 2043 4949 2185 5004; x_wconf 64' lang='lat' dir='ltr'><strong>cmm</strong></span> <span class='ocrx_word' id='word_1_250' title='bbox 2205 4963 2244 5005; x_wconf 71' lang='lat'><strong>0,</strong></span> 
     </span>
     <span class='ocr_line' id='line_1_30' title="bbox 513 5014 2215 5137; baseline 0.004 -34"><span class='ocrx_word' id='word_1_251' title='bbox 513 5046 550 5105; x_wconf 87' lang='lat' dir='ltr'><strong>et</strong></span> <span class='ocrx_word' id='word_1_252' title='bbox 577 5035 616 5101; x_wconf 89' lang='lat' dir='ltr'><strong>in</strong></span> <span class='ocrx_word' id='word_1_253' title='bbox 644 5036 760 5104; x_wconf 81' lang='lat' dir='ltr'><strong>rotrrio</strong></span> <span class='ocrx_word' id='word_1_254' title='bbox 788 5039 832 5105; x_wconf 90' lang='lat' dir='ltr'><strong>de</strong></span> <span class='ocrx_word' id='word_1_255' title='bbox 861 5038 898 5103; x_wconf 87' lang='lat' dir='ltr'><strong>la</strong></span> <span class='ocrx_word' id='word_1_256' title='bbox 927 5035 1116 5122; x_wconf 86' lang='lat' dir='ltr'><strong>Gildhalla,</strong></span> <span class='ocrx_word' id='word_1_257' title='bbox 1147 5038 1338 5120; x_wconf 85' lang='lat' dir='ltr'><strong>Bristollie,</strong></span> <span class='ocrx_word' id='word_1_258' title='bbox 1361 5039 1582 5105; x_wconf 63' lang='lat' dir='ltr'><strong>modiatam</strong></span> <span class='ocrx_word' id='word_1_259' title='bbox 1605 5034 1733 5104; x_wconf 84' lang='lat' dir='ltr'><strong>visuris</strong></span> <span class='ocrx_word' id='word_1_260' title='bbox 1755 5035 1813 5102; x_wconf 84' lang='lat' dir='ltr'><strong>uel</strong></span> <span class='ocrx_word' id='word_1_261' title='bbox 1835 5036 2016 5119; x_wconf 85' lang='lat' dir='ltr'><strong>audituris,</strong></span> <span class='ocrx_word' id='word_1_262' title='bbox 2067 5014 2215 5137; x_wconf 52' lang='lat' dir='ltr'><strong>m·</strong></span> 
     </span>
     <span class='ocr_line' id='line_1_31' title="bbox 513 5171 2020 5262; baseline 0.008 -30"><span class='ocrx_word' id='word_1_263' title='bbox 513 5171 695 5256; x_wconf 82' lang='lat' dir='ltr'><strong>Johannes</strong></span> <span class='ocrx_word' id='word_1_264' title='bbox 724 5174 840 5261; x_wconf 86' lang='lat' dir='ltr'><strong>Vyell,</strong></span> <span class='ocrx_word' id='word_1_265' title='bbox 861 5173 980 5262; x_wconf 85' lang='lat' dir='ltr'><strong>Major</strong></span> <span class='ocrx_word' id='word_1_266' title='bbox 1008 5177 1094 5244; x_wconf 87' lang='lat' dir='ltr'><strong>ville</strong></span> <span class='ocrx_word' id='word_1_267' title='bbox 1122 5177 1313 5257; x_wconf 84' lang='lat' dir='ltr'><strong>Bristollie,</strong></span> <span class='ocrx_word' id='word_1_268' title='bbox 1335 5174 1539 5242; x_wconf 82' lang='lat' dir='ltr'><strong>Willeimus</strong></span> <span class='ocrx_word' id='word_1_269' title='bbox 1566 5171 1791 5256; x_wconf 85' lang='lat' dir='ltr'><strong>Wodaforde,</strong></span> <span class='ocrx_word' id='word_1_270' title='bbox 1814 5173 2020 5244; x_wconf 80' lang='lat' dir='ltr'><strong>vicecomes</strong></span> 
     </span>
    </p>
   </div>
   <div class='ocr_carea' id='block_1_5' title="bbox 1097 5335 1439 5388">
    <p class='ocr_par' dir='ltr' id='par_1_5' title="bbox 1097 5335 1439 5388">
     <span class='ocr_line' id='line_1_32' title="bbox 1097 5335 1439 5388; baseline 0 0"><span class='ocrx_word' id='word_1_271' title='bbox 1097 5335 1439 5388; x_wconf 75' lang='lat' dir='ltr'><strong>²coebrmtibnscmitted.</strong></span> 
     </span>
    </p>
   </div>
   <div class='ocr_carea' id='block_1_6' title="bbox 0 0 2616 6596">
    <p class='ocr_par' dir='ltr' id='par_1_6' title="bbox 0 0 2616 6596">
     <span class='ocr_line' id='line_1_33' title="bbox 0 0 2616 6596; baseline 0 1"><span class='ocrx_word' id='word_1_272' title='bbox 0 0 2616 6596; x_wconf 95' lang='lat' dir='ltr'><strong> </strong></span> 
     </span>
    </p>
   </div>
  </div>
 </body>
</html>
