5294 6592
608 823 655 896 74
944 797 1042 888 tue
1066 795 1328 888 tttttcncs
1354 799 1484 890 eoos
1509 799 1560 894 ot
1589 799 1777 892 §notet

607 1013 749 1100 querele
773 1031 900 1098 capere
923 1011 1066 1079 nomine
1087 1011 1334 1098 districcionis,
1356 1022 1393 1081 et
1415 1014 1497 1082 illas
1515 1015 1703 1094 ebducere,
1717 1013 1841 1102 fugare
1861 1014 1921 1082 vel
1942 1022 2126 1100 asportare

607 1160 710 1220 extra
745 1152 1005 1238 possessionem
1039 1149 1151 1236 ipsius
1181 1151 1233 1218 sic
1265 1151 1461 1234 attecbiad
1496 1161 1533 1218 et
1565 1153 1648 1219 illes
1676 1153 1715 1220 in
1744 1153 1923 1221 communi
1954 1153 2034 1220 loco
2058 1171 2123 1236 pro

608 1287 810 1354 huiusmodi
843 1285 1126 1354 districcionibus
1174 1287 1414 1355 custodiendis
1452 1289 1638 1376 assignato
1673 1289 1851 1358 custodire
1899 1299 1937 1356 et
1975 1289 2126 1356 retinere

610 1426 723 1492 donec
746 1443 809 1510 per
832 1424 999 1491 iudicium
1023 1423 1259 1492 deliberentur
1286 1426 1343 1491 vel
1373 1425 1486 1492 donec
1522 1423 1735 1494 sufficienter
1768 1425 1966 1512 replegieta
1986 1423 2126 1492 breint.

611 1560 676 1630 Set
706 1561 737 1627 si
761 1560 850 1628 forte
878 1581 1002 1648 grosse
1030 1559 1273 1628 disuicciones
1310 1561 1362 1628 ita
1397 1562 1493 1649 quod
1523 1561 1600 1630 sine
1626 1563 1763 1630 immun
1798 1572 1836 1630 et
1864 1581 1997 1649 magno
2026 1561 2123 1628 tedio

587 1681 789 1786 ‘asportari
813 1699 871 1764 vel
898 1699 1097 1766 abscarcari
1122 1718 1196 1766 non
1222 1699 1366 1766 valeant
1391 1700 1483 1768 sicut
1511 1701 1657 1768 bladum
1696 1701 1734 1767 in
1764 1700 1943 1788 grmerio,
1980 1699 2126 1766 bladum

568 1921 569 1926 ἵ
611 1837 650 1904 ἱιι
673 1835 821 1922 foragio,
846 1835 977 1916 fenum,
1002 1835 1115 1916 fabas,
1138 1835 1237 1922 pisas
1262 1836 1300 1902 in
1329 1847 1427 1904 tasso
1452 1846 1489 1904 et
1510 1838 1723 1918 huiusmodi,
1747 1847 1832 1906 tunc
1858 1858 1923 1924 per
1949 1837 2066 1904 visum
2086 1847 2124 1903 et

613 1973 855 2040 testimonium
887 1973 1078 2057 proborum
1113 1972 1296 2041 bominum
1330 1975 1376 2042 de
1410 1974 1549 2042 visneto
1588 1985 1767 2062 ponanttu
1802 1975 1841 2042 in
1877 1973 2023 2044 defenso
2061 1975 2128 2040 sub

614 2123 748 2180 arreeto
780 2111 818 2180 in
851 2111 985 2180 eisdem
1018 2112 1106 2178 locis
1138 2113 1176 2178 in
1216 2112 1345 2198 quibus
1385 2113 1624 2196 inueniuntur,
1665 2114 1717 2180 ita
1758 2113 1852 2198 quod
1893 2111 2003 2178 nichil
2043 2111 2128 2178 inde

615 2261 857 2318 ammoneatur
889 2252 1001 2316 donec
1035 2249 1217 2316 defensum
1242 2269 1305 2316 seu
1334 2259 1489 2316 arestum
1518 2269 1583 2337 per
1607 2249 1776 2316 iudicium
1812 2247 2035 2316 deliberetur.
2080 2245 2128 2313 Et

614 2387 646 2455 si
675 2387 755 2474 quis
784 2387 986 2454 huiusmodi
1013 2384 1196 2452 defensum
1227 2406 1291 2452 seu
1316 2395 1471 2454 ereetum
1497 2385 1641 2474 fregerit
1666 2388 1725 2454 vel
1752 2385 1870 2472 frangi
1904 2383 2036 2465 fecerit.
2066 2403 2129 2450 seu

612 2525 748 2613 aliquid
785 2527 831 2591 de
860 2523 1064 2590 huiusmodi
1099 2522 1205 2589 bonis
1244 2523 1388 2591 nomine
1423 2521 1659 2590 dismocionis
1699 2521 1738 2589 i'n
1776 2520 1921 2588 defenso
1959 2539 2023 2586 seu
2060 2519 2126 2585 sub

614 2672 731 2729 aresto
770 2661 821 2728 sic
861 2661 988 2746 positis
1029 2659 1239 2727 ammonerit
1283 2679 1346 2725 seu
1390 2659 1584 2726 ammoueri
1627 2659 1759 2740 fecerit.
1801 2656 1923 2726 statim
1961 2653 2128 2723 certificet

614 2799 769 2866 balliuus
794 2798 877 2864 inde
908 2817 1010 2863 suum
1041 2794 1256 2880 superiorem
1283 2805 1321 2862 et
1349 2795 1497 2862 indilate
1535 2803 1802 2864 summoneatur
1838 2792 1956 2872 Curia,
1986 2801 2065 2870 etc„
2088 2800 2128 2858 vt

614 2955 723 3022 supra
751 2935 796 3002 de
818 2934 1025 3001 resistencia
1050 2932 1206 3018 capitulo
1230 2932 1311 3018 xiij⁰
1355 2933 1403 3000 Et
1433 2932 1552 3018 siper
1576 2933 1674 3021 ipsos
1704 2931 1765 3018 qui
1790 2930 1923 2998 ibid·-
1946 2927 2127 2996 vnitentur

613 3072 816 3140 inueniatur
841 3072 887 3139 de
914 3071 1116 3138 huiusmodi
1140 3069 1365 3138 districcione
1395 3081 1590 3139 ammotum
1628 3080 1683 3156 est
1714 3067 1903 3157 quicquam
1931 3085 1997 3152 per
2033 3063 2128 3151 quod

613 3211 739 3278 eedem
762 3208 940 3276 districcio
962 3209 1000 3273 in
1022 3207 1141 3292 precio
1162 3209 1221 3274 vel
1242 3209 1364 3274 valore
1384 3217 1541 3276 mutetur
1561 3207 1619 3275 vel
1641 3206 1846 3285 minoretur,
1864 3205 2002 3271 leumr
2023 3219 2129 3287 super

613 3365 658 3412 eo
680 3343 858 3442 butesium
880 3353 916 3408 et
943 3342 1155 3434 attacbietur
1186 3351 1222 3408 et
1251 3343 1458 3410 obseruetur
1481 3343 1576 3410 idern
1597 3361 1785 3430 processus
1810 3351 1934 3408 oontra
1960 3359 2041 3406 eum
2066 3335 2128 3424 qui

613 3481 712 3568 prius
744 3480 849 3546 datur
877 3479 922 3545 de
950 3477 1194 3546 resistentibus
1224 3477 1380 3563 capitulo
1409 3479 1623 3564 supradicto.
1683 3478 1732 3544 Et
1760 3477 1845 3563 quia
1874 3475 1912 3542 iu
1946 3473 2125 3559 aliquibus

613 3618 702 3686 locis
731 3635 795 3702 per
823 3614 1054 3682 toleranciam
1091 3611 1358 3681 defendencium
1394 3614 1596 3682 huiusmodi
1626 3615 1777 3682 maiores
1811 3631 1874 3680 seu
1902 3611 2028 3678 bellini
2065 3631 2128 3678 seu

613 3753 785 3841 prepositi
815 3751 990 3837 colligunt
1018 3760 1055 3816 et
1084 3750 1244 3816 adunant
1270 3749 1512 3817 districciones
1541 3761 1578 3817 et
1606 3759 1744 3836 ponunt
1773 3749 1855 3816 illas
1884 3748 2128 3816 districciones

613 3912 678 3978 per
706 3909 744 3957 se
767 3889 805 3954 in
828 3889 950 3973 aliqua
972 3889 1077 3953 domo
1100 3907 1164 3952 seu
1185 3906 1327 3952 camera
1348 3895 1385 3953 et
1406 3895 1492 3952 tunc
1514 3887 1685 3952 claudunt
1704 3884 1863 3954 bostium
1885 3885 1982 3952 illius
2002 3885 2130 3953 domus

612 4030 669 4096 vel
699 4047 847 4108 camere,
877 4036 913 4092 et
943 4034 1126 4112 apponunt
1148 4024 1269 4110 sigilla
1298 4013 1363 4090 sua
1392 4043 1497 4110 super
1529 4025 1654 4091 eadem
1685 4025 1804 4092 hostia
1832 4023 2054 4091 defendentis
2083 4042 2129 4089 ne

613 4168 777 4236 dominus
821 4169 946 4233 domus
984 4185 1047 4230 seu
1084 4163 1202 4250 quiuis
1241 4165 1332 4230 alius
1372 4185 1550 4232 cameram
1588 4165 1646 4232 vel
1681 4165 1825 4232 domum
1861 4161 1961 4229 illam
1992 4161 2125 4227 intrent

614 4327 681 4373 nec
712 4300 912 4371 huiusmodi
951 4300 1208 4386 sigillacionem
1234 4302 1459 4388 disrumpant
1487 4303 1550 4368 sed
1578 4303 1675 4387 quod
1704 4313 1875 4386 tanquam
1905 4307 2125 4386 sequesnum

614 4439 843 4516 custodiatur,
869 4447 1013 4521 propter
1041 4439 1135 4522 quod
1164 4437 1267 4504 multi
1296 4440 1341 4504 de
1375 4439 1507 4525 populo
1544 4438 1605 4524 qui
1642 4450 1725 4505 sunt
1762 4450 1836 4505 tam
1873 4437 1994 4524 legum
2029 4455 2127 4503 com-

615 4576 774 4644 munium
803 4591 927 4656 regum
956 4591 1063 4654 quam
1093 4573 1213 4658 legum
1246 4575 1531 4641 mercatoriemm
1561 4575 1678 4661 ignari
1707 4575 1873 4643 timentes
1898 4586 1935 4642 et
1956 4581 2124 4661 putantes

615 4715 732 4800 legem
755 4721 791 4776 et
823 4707 1000 4774 iusticiam
1037 4706 1223 4789 offendere,
1251 4712 1376 4776 domos
1406 4711 1486 4775 illes
1515 4711 1678 4796 proprias
1708 4711 1784 4778 siue
1813 4712 1894 4778 illas
1923 4730 1970 4776 ex
1996 4711 2123 4787 locato,

616 4851 692 4918 siue
727 4868 773 4915 eu
809 4846 921 4913 libero
950 4856 1070 4914 teneat
1099 4847 1243 4914 introire
1273 4867 1338 4914 nec
1366 4849 1567 4915 huiusmodi
1597 4848 1838 4936 sigillaciones
1867 4865 2030 4930 rumpere
2059 4865 2125 4912 nec

617 4989 733 5055 delere
777 4985 920 5066 audent,
964 4995 1000 5052 et
1044 4986 1095 5052 ita
1138 4996 1322 5052 remanent
1372 4987 1417 5054 de
1460 4987 1535 5053 suis
1578 4985 1699 5054 liberis
1740 4983 1953 5053 tenementis
2006 4993 2127 5068 aperte

618 5122 787 5192 disseisiti
815 5141 879 5188 seu
907 5123 952 5188 de
981 5123 1055 5188 suis
1083 5122 1252 5208 hospiciis
1282 5124 1407 5190 locatis
1436 5124 1563 5190 deiecti
1599 5125 1646 5190 ad
1684 5125 1886 5192 voluntates
1928 5120 2129 5190 huiusmodi
