5224 6596
634 849 711 919 230
929 822 1025 914 doc
1050 822 1189 913 little
1213 821 1311 911 lieo
1335 819 1464 912 Boolt
1490 819 1541 908 ot
1563 819 1751 910 littam.

628 1037 671 1101 in
693 1037 857 1104 omnibus
879 1037 967 1104 locis
988 1036 1155 1122 predictis
1176 1035 1268 1104 inira
1288 1033 1507 1122 procinctum
1529 1032 1687 1118 eiusdem
1702 1032 1796 1113 ville,
1811 1042 1852 1100 ut
1865 1031 2063 1118 predictum
2077 1040 2142 1111 est,

629 1182 873 1241 *mentetorum
918 1183 954 1242 et
990 1185 1121 1242 extunc
1164 1175 1449 1252 arentendorum,
1494 1189 1646 1236 unacum
1693 1168 1825 1237 finibus
1872 1187 1936 1253 pro
1981 1167 2143 1254 ingressu

631 1306 835 1391 hujusmodi
864 1315 1090 1388 assertorum,
1119 1315 1299 1374 vastorum
1328 1314 1366 1372 et
1401 1315 1707 1392 purpresturarum
1743 1305 1795 1372 sic
1832 1312 2071 1372 arentatorum
2108 1313 2145 1369 et

628 1443 918 1522 arentandorum,
960 1453 998 1510 et
1032 1463 1113 1512 cum
1149 1441 1266 1524 curiis,
1302 1441 1438 1510 visibus
1473 1442 1586 1510 franci
1622 1442 1745 1530 plegii,
1781 1441 1985 1520 hundredis,
2024 1439 2142 1506 wreko

513 1667 517 1676 Ι
632 1579 797 1646 videlicet
825 1597 958 1646 wreooo
993 1579 1102 1646 meris
1138 1588 1175 1646 et
1209 1599 1342 1648 wrecoo
1378 1579 1503 1666 regali,
1541 1577 1651 1666 wayli
1682 1589 1717 1646 et
1754 1576 1882 1665 strayli
1912 1587 1950 1644 et
1984 1577 2142 1662 piscibus

629 1715 813 1802 regalibus
842 1713 934 1782 infre
961 1716 1076 1784 dictos
1104 1715 1227 1784 villam
1256 1726 1293 1782 et
1320 1716 1528 1784 comitamm
1559 1724 1595 1783 et
1628 1715 1914 1800 iurisdiccionem
1950 1713 2141 1780 eorundem

628 1851 874 1920 accidentibus
903 1872 946 1920 ac
975 1853 1056 1922 aliis
1085 1852 1398 1922 consuetudinibus
1426 1862 1463 1919 et
1492 1853 1657 1918 omnibus
1683 1851 1763 1919 aliis
1793 1851 1839 1917 ad
1876 1850 1972 1916 dicte
2007 1849 2140 1929 villam

627 1989 849 2072 comitatum,
886 1991 1056 2057 suburbia
1091 2000 1128 2059 et
1163 1991 1394 2077 procinctum,
1431 2007 1569 2057 necnon
1604 2000 1728 2070 terras,
1757 1996 1972 2068 tenementa,
2003 1987 2084 2053 loca
2107 1995 2144 2052 et

630 2121 736 2190 feoda
771 2121 932 2208 predicta
969 2125 1271 2211 qualitercumque
1310 2135 1347 2193 et
1388 2123 1601 2211 ubicumque
1644 2135 1683 2192 vt
1726 2124 1923 2211 predictam
1966 2132 2022 2190 est
2064 2141 2144 2206 per·

632 2259 827 2328 tinentibus
872 2261 948 2326 siue
989 2262 1233 2330 accidentibus
1275 2264 1425 2330 durante
1468 2263 1619 2330 termino
1669 2261 1839 2349 predicto.
1906 2259 1954 2326 Et
1997 2259 2144 2325 ulterius

628 2397 871 2465 concessimus
901 2399 1034 2466 eisdem
1064 2400 1194 2487 Maiori
1222 2413 1259 2470 et
1287 2401 1543 2472 communitati
1572 2413 1609 2470 et
1646 2400 1907 2469 successoribus
1944 2398 2018 2465 suis
2047 2399 2143 2499 quod

630 2533 702 2620 ipsi
745 2536 911 2616 habeant,
955 2537 1106 2605 durante
1149 2541 1300 2608 termino
1346 2539 1516 2625 predicto,
1563 2537 1685 2605 omnia
1724 2536 1825 2620 fines,
1866 2533 2141 2620 redempciones.

628 2671 749 2739 enims
776 2671 984 2754 forisfactos,
1014 2677 1297 2758 emerclamenta,
1327 2676 1566 2744 forisfacturas
1591 2683 1629 2741 et
1649 2675 1722 2741 alie
1744 2671 1903 2761 proficua
1924 2689 2143 2758 quecumque

627 2807 670 2874 in
707 2807 892 2876 itineribus
935 2810 980 2876 de
1019 2811 1161 2895 foresta,
1202 2834 1265 2882 seu
1307 2814 1450 2882 racione
1493 2811 1685 2879 eorundem
1730 2809 1911 2889 itinerum,
1957 2817 2032 2874 tam
2076 2826 2142 2891 pro

630 2945 913 3030 transgressione
941 2947 988 3013 de
1015 2948 1120 3014 viridi
1146 2959 1183 3017 et
1210 2952 1404 3020 venacione
1434 2973 1542 3039 quam
1574 2973 1640 3038 pro
1673 2951 1803 3018 delicto
1835 2956 1872 3016 et
1909 2945 2026 3014 causis
2062 2944 2143 3012 aliis

629 3079 911 3166 quibuscumque
960 3083 1262 3173 qualitercumque
1303 3089 1552 3175 proveniencia
1595 3106 1658 3153 seu
1704 3083 1928 3171 emergencia
1972 3083 2010 3149 in
2056 3081 2143 3146 villa

633 3216 793 3304 predicte
820 3217 990 3302 Bristou,
1022 3240 1160 3289 necnon
1188 3225 1227 3291 in
1256 3225 1421 3294 omnibus
1449 3235 1485 3293 et
1516 3222 1669 3310 singulis
1705 3221 1794 3290 locis
1830 3229 1867 3286 et
1901 3217 2014 3285 feodis
2050 3214 2142 3282 infra

629 3356 852 3440 procinctum
881 3357 1039 3442 ejusdem
1067 3360 1152 3428 ville
1187 3369 1227 3428 ut
1254 3362 1453 3448 predictum
1482 3370 1547 3443 est,
1585 3359 1643 3426 Ita
1679 3359 1774 3444 quod
1810 3355 1917 3424 iidem
1953 3353 2071 3439 Major
2106 3361 2142 3418 et

634 3489 878 3560 Communitas
906 3503 943 3561 et
971 3515 1191 3566 successores
1222 3499 1287 3580 sui,
1320 3501 1470 3566 durante
1506 3496 1658 3564 termino
1693 3494 1863 3580 predicto,
1892 3492 2049 3558 babeant
2077 3507 2142 3574 per

631 3647 762 3696 manus
797 3630 1008 3698 balliuorum
1045 3643 1081 3700 et
1117 3635 1356 3704 ministrorum
1393 3655 1537 3703 suorum
1572 3632 1673 3714 fines,
1710 3627 1986 3716 redempciones,
2024 3625 2142 3694 exitus

634 3763 842 3846 lorisfactos,
872 3768 1155 3852 amerciamenta,
1185 3743 1424 3842 forisfactruas
1451 3782 1488 3840 et
1517 3771 1590 3838 alia
1618 3765 1775 3856 proficua
1803 3765 1962 3854 predicta
1997 3765 2043 3832 de
2071 3763 2143 3831 illis

632 3900 696 3986 qui
733 3901 771 3966 in
808 3912 845 3970 et
882 3903 929 3970 de
968 3906 1055 3972 villa
1094 3907 1252 3977 Bristoll.
1289 3921 1326 3978 et
1361 3909 1540 3978 suburbiis
1576 3907 1745 3993 ejusdem,
1775 3903 1889 3984 terris,
1919 3901 2140 3981 tenementis,

635 4035 723 4102 locis
752 4046 789 4102 et
816 4037 930 4106 feodis
956 4041 1128 4127 predictis
1156 4045 1195 4111 in
1231 4045 1415 4132 procinctu
1450 4045 1535 4112 ville
1570 4042 1727 4130 predicte
1767 4038 1906 4120 lirerlnt,
1948 4035 2074 4106 Castro
2106 4048 2142 4103 et

633 4169 778 4238 fossatis
800 4171 958 4258 ejusdem
979 4139 1101 4244 castri¹
1116 4183 1286 4266 exceptis,
1310 4201 1374 4268 per
1395 4189 1573 4248 extractas
1594 4175 1874 4261 Justiciariorum
1895 4171 2140 4241 itinerancium

634 4307 682 4375 de
706 4306 837 4376 foreste
866 4321 902 4377 et
927 4312 1008 4380 aliis
1032 4313 1243 4398 Justiciariis
1268 4319 1399 4386 nostris
1423 4313 1672 4384 itinerantibus
1693 4322 1729 4381 et
1751 4313 1920 4380 heredum
1941 4319 2141 4378 nostrorum

636 4441 677 4508 in
715 4443 900 4510 itineribus
936 4447 1022 4529 suis,
1062 4449 1209 4518 eisdem¹
1243 4452 1387 4520 bellicis
1426 4461 1463 4518 et
1503 4451 1675 4518 ministris
1715 4451 1888 4518 dictorum
1922 4447 2071 4534 Majoris
2106 4458 2143 4515 et

635 4577 913 4646 Communitatis
952 4592 990 4649 et
1026 4603 1266 4654 successorum
1302 4607 1445 4655 suorum
1487 4587 1637 4653 durante
1681 4585 1831 4655 termino
1868 4585 2026 4672 predicto
2061 4585 2144 4652 inde
2207 4658 2208 4661 Ἴ

633 4715 839 4782 liberandas
896 4718 1025 4801 leuare,
1085 4723 1264 4810 percipere
1316 4733 1353 4790 et
1404 4725 1535 4791 habere
1591 4731 1750 4810 possum,
1795 4732 1832 4790 et
1874 4739 1999 4790 omnes
2041 4719 2142 4801 fines,

633 4852 913 4939 redemptiones,
943 4857 1060 4928 extus
1099 4858 1296 4929 forisfactus
1335 4872 1372 4930 et
1404 4861 1690 4940 amerciamenta,
1715 4857 1966 4939 forisfacturas,
2001 4866 2039 4925 et
2075 4857 2147 4924 alia

634 4989 1048 5078 proficuepredictade
1077 4995 1239 5085 illisqui
1267 4996 1395 5066 irerint
1431 5000 1477 5067 de
1505 5009 1542 5067 et
1578 4998 1616 5066 in
1656 4997 1753 5064 dicta
1791 4995 1878 5064 ville
1915 4995 2071 5063 Bristoll
2108 5006 2146 5061 et

1280 5167 1509 5238 ursanum
