5294 6592
357 4525 428 4589 119.

851 758 948 848 obe
973 757 1112 850 little
1136 756 1234 846 Reb
1260 755 1389 846 Book
1414 755 1464 846 of
1494 755 1680 848 orntot
1965 789 2016 860 49

511 977 695 1064 morey.
739 975 788 1042 Et
802 994 903 1043 come
913 975 958 1042 de
968 993 1059 1044 ceux
1070 994 1133 1062 sey
1142 973 1261 1060 reqon
1273 974 1308 1040 al
1320 971 1534 1040 senesohsls¹
1547 971 1592 1038 de
1604 970 1658 1051 Β..
1670 971 1853 1058 qedonkes
1864 984 2016 1058 serront,

511 1114 564 1180 les
579 1113 767 1199 delyvorey
780 1112 1023 1179 entierement.
1067 1109 1117 1176 Et
1137 1117 1230 1178 totos
1247 1111 1354 1177 altres
1374 1110 1500 1178 choses
1514 1109 1762 1196 eppendnuntz
1779 1112 1815 1177 11
1831 1111 1904 1178 dist
1917 1110 2018 1180 office

511 1250 708 1338 loyalment
721 1249 800 1336 frey
814 1268 837 1315 1
851 1268 935 1314 mon
950 1247 1052 1334 ponis
1065 1267 1108 1333 sy
1122 1247 1229 1314 dleux
1243 1246 1361 1334 mord.
1376 1254 1444 1312 etc.

677 1485 1127 1566 SACRAMENTUM
1163 1485 1569 1564 SERVIENTJUM
1601 1486 1856 1566 MAIORIS.

643 1662 716 1732 Coo
744 1673 847 1751 oyetz
875 1682 964 1730 vous
992 1661 1109 1729 Moire
1137 1671 1173 1728 et
1201 1663 1313 1729 bones
1341 1669 1447 1747 gontz
1472 1679 1518 1748 qe
1542 1681 1633 1729 nous
1659 1682 1812 1730 serroms
1833 1663 1956 1750 foyslx
1980 1675 2017 1732 ot

513 1801 635 1887 loyelx
646 1819 668 1866 1
680 1809 780 1866 notre
791 1817 948 1886 seygnur
961 1798 996 1866 le
1010 1795 1094 1885 Rey
1107 1796 1150 1879 E,
1162 1807 1198 1865 et
1212 1817 1236 1863 1
1249 1817 1307 1864 ses
1320 1796 1426 1883 heyrs
1441 1806 1477 1864 et
1490 1799 1527 1864 el
1537 1797 1648 1864 maire
1662 1808 1698 1865 et
1712 1799 1749 1864 11
1763 1800 2021 1867 communsltee

512 1939 557 2005 de
572 1936 615 2004 B.
659 1937 708 2004 Et
721 1937 759 2002 11
777 1955 862 2022 pees
883 1946 984 2002 notre
1006 1953 1163 2022 seygnur
1180 1936 1217 2003 lo
1238 1933 1322 2022 Rey
1343 1936 1456 2023 deynz
1477 1935 1515 2000 11
1535 1933 1630 2000 diste
1651 1934 1736 2002 ville
1760 1936 1967 2022 garderomo
1981 1948 2018 2005 et

391 2061 392 2066 ’
511 2073 757 2140 defenderoms
770 2093 793 2140 1
807 2082 909 2140 notre
930 2072 1040 2159 ponis.
1085 2071 1134 2139 Et
1155 2073 1207 2138 les
1228 2072 1349 2158 veylee
1370 2072 1416 2138 de
1437 2082 1526 2158 nuyt
1547 2090 1615 2157 pur
1628 2072 1666 2137 11
1680 2071 1774 2138 disto
1787 2072 1872 2138 villo
1886 2073 2015 2158 garder

512 2229 621 2276 seunz
635 2209 788 2295 damage
802 2209 997 2294 loyalment
1010 2207 1151 2274 fernme.
1196 2205 1244 2275 Et
1265 2207 1318 2274 les
1337 2216 1443 2293 gente
1464 2207 1502 2292 qi
1523 2217 1685 2274 senount
1705 2207 1868 2294 assignet
1888 2228 1955 2293 por
1968 2209 2021 2277 les

511 2347 622 2414 veiles
650 2345 738 2413 faire
762 2365 808 2412 en
834 2346 931 2412 dewe
959 2355 1076 2430 temps
1106 2344 1165 2411 del
1197 2364 1245 2410 an
1281 2351 1482 2411 sentement
1517 2361 1720 2430 erayeroms
1755 2353 1793 2411 et
1827 2346 2018 2414 bonoment

512 2491 708 2550 treteroms.
752 2481 822 2548 Les
834 2481 983 2562 felouns,
999 2479 1215 2562 meffesours,
1230 2491 1470 2566 trospossours
1480 2489 1518 2546 ot
1529 2479 1636 2546 altres
1651 2481 1875 2547 wakerauntz
1885 2482 1929 2548 de
1940 2482 2019 2548 nuit

514 2631 705 2687 encountre
718 2620 755 2686 11
769 2639 853 2706 pecz
869 2629 905 2686 et
919 2637 985 2703 par
1004 2619 1095 2705 eyde
1116 2617 1180 2684 des
1202 2618 1311 2684 altres
1332 2625 1439 2703 gente
1462 2616 1518 2703 syl
1542 2617 1728 2702 bosoygno
1750 2617 1958 2704 prendo-oms
1983 2629 2020 2688 et

514 2757 711 2824 solvement
725 2757 941 2842 garderoms.
985 2753 1034 2820 Et
1055 2754 1212 2820 deveant
1231 2754 1285 2820 les
1307 2752 1397 2820 distz
1420 2752 1530 2819 maire
1551 2761 1588 2820 et
1610 2753 1742 2820 baillifs
1764 2754 1817 2822 les
1839 2775 2020 2824 merroms.

514 2889 584 2958 Les
605 2891 918 2956 oomaundementz
939 2889 993 2956 les
1015 2891 1127 2957 meite
1147 2901 1184 2958 et
1202 2888 1337 2956 baillifs
1353 2890 1556 2958 resonebles
1573 2899 1610 2957 et
1632 2893 1685 2958 les
1706 2893 1935 2962 exocucienes
1956 2895 2021 2962 des

514 3047 696 3116 processes
724 3025 808 3092 feitz
838 3027 994 3093 devaunt
1021 3047 1091 3094 eux
1115 3027 1311 3116 loyalment
1335 3045 1444 3094 saunz
1466 3028 1542 3094 rien
1563 3027 1710 3114 feyndre
1731 3030 2022 3116 perfoumeroms.

514 3163 583 3230 Les
598 3164 724 3230 deners
738 3163 801 3230 dos
816 3162 898 3250 syns
912 3174 948 3231 et
962 3165 1231 3232 emerciementz
1245 3164 1309 3231 des
1323 3165 1401 3250 plez
1423 3173 1460 3232 et
1481 3167 1632 3250 porchaz
1654 3167 1699 3232 de
1720 3167 1757 3234 le
1778 3169 1934 3254 gyhelde
1955 3190 2021 3256 par

513 3311 660 3368 estretes
675 3321 698 3368 1
711 3321 802 3368 nous
815 3302 954 3387 lyverez
967 3301 1162 3387 loyolment
1176 3320 1200 3366 o
1213 3311 1315 3368 notre
1329 3319 1441 3388 ponyr
1454 3301 1638 3382 leveroms,
1654 3302 1703 3370 Et
1715 3303 1761 3371 de
1775 3323 1839 3371 ceo
1853 3325 1894 3371 es
1905 3305 2020 3374 Meire

514 3447 550 3506 et
564 3439 774 3504 seneschalx
787 3439 832 3504 de
846 3438 884 3504 11
897 3439 991 3504 diste
1003 3437 1089 3504 ville
1102 3439 1200 3525 loyel
1213 3447 1377 3522 eoompte
1396 3436 1591 3504 rendroms.
1636 3437 1685 3505 Et
1708 3449 1802 3506 toutz
1823 3460 1938 3527 ycenx
1959 3443 2023 3510 des

515 3593 634 3660 queux
671 3593 717 3640 en
752 3575 790 3640 11
824 3593 968 3641 manete
1004 3573 1208 3640 evauntditz
1244 3574 1306 3640 nul
1342 3573 1451 3640 doner
1486 3593 1648 3642 averoms
1685 3577 1782 3644 lovez
1825 3577 2020 3664 loyalment

516 3714 760 3798 acquiteroms.
805 3710 854 3779 Et
867 3711 952 3778 nulo
964 3710 1064 3777 senso
1082 3711 1284 3776 elcwounce
1304 3729 1365 3777 sur
1378 3723 1480 3778 notre
1488 3715 2021 3798 scomptenodemaunderoms.

514 3845 568 3913 La
580 3845 781 3912 frnunchise
794 3854 831 3912 et
844 3846 882 3912 11
895 3847 988 3912 bone
1001 3863 1086 3930 pecz
1100 3845 1146 3913 do
1159 3846 1197 3912 11
1210 3846 1302 3912 disne
1315 3846 1400 3913 ville
1419 3848 1467 3914 od
1488 3848 1542 3915 les
1562 3867 1728 3918 commun
1750 3851 1875 3936 profitz·
1897 3874 2020 3942 meyn-

514 3983 729 4070 teyndroms.
784 3981 833 4050 Et
856 3981 957 4068 nully
986 4001 1054 4066 pur
1081 3982 1179 4069 hoyn
1208 4001 1253 4049 no
1281 4001 1349 4068 pur
1376 3993 1566 4070 ooveytyse
1594 3985 1652 4053 del
1682 4005 1768 4054 soen
1796 4007 1883 4075 ryen
1913 4010 2023 4077 ovoyr

515 4137 742 4184 necuseroms
756 4137 802 4186 ne
816 4135 1032 4204 greveroms.
1077 4117 1125 4184 Et
1138 4127 1232 4186 totos
1246 4119 1355 4186 altres
1369 4120 1495 4190 choses
1509 4123 1756 4209 eppendcuntz
1771 4145 1794 4194 e
1807 4138 1909 4196 notre
1922 4127 2023 4198 office

515 4276 585 4341 pur
596 4257 631 4323 le
645 4253 751 4342 profit
765 4256 811 4323 de
824 4257 861 4322 11
875 4255 968 4322 disto
983 4255 1069 4322 ville
1082 4254 1212 4322 fernme
1228 4275 1271 4342 sy
1285 4257 1403 4342 dyeux
1417 4277 1507 4325 nous
1522 4261 1621 4348 oyde,
1637 4271 1704 4329 eto

708 4495 1158 4574 SACRAMENTUM
1202 4495 1610 4576 SERVIENTIUM
1651 4500 1833 4579 REGIS.

650 4665 732 4734 Hoc
755 4668 849 4734 idem
873 4667 1131 4734 observandum
1155 4685 1221 4752 pro
1246 4667 1480 4734 servientibus
1506 4666 1621 4754 Regis
1647 4667 1684 4734 in
1713 4670 1857 4755 placitis
1878 4675 2025 4742 tundere

519 4825 638 4872 coram
664 4803 814 4870 Bellivis
838 4803 876 4868 in
901 4802 972 4868 hiis
995 4821 1065 4889 que
1088 4821 1150 4869 eos
1172 4812 1389 4870 concernunt
1415 4804 1462 4872 od
1486 4803 1640 4873 officium
1665 4827 1785 4876 eorum
1815 4808 2024 4891 faciendum,

519 4939 666 5007 mutetis
680 4937 870 5016 mutandis,
887 4949 955 5005 otc.

1017 5107 1029 5140 ²
1046 5107 1156 5162 Alteed
1164 5109 1347 5178 mhseqoently
1356 5117 1385 5162 to
1394 5111 1500 5163 Bnffltts.
