5294 6592
626 815 695 886 ηε
958 805 1056 896 nse
1078 803 1217 894 sitta
1241 801 1339 892 neo
1363 800 1567 923 moror
1598 801 1786 892 aaron

622 1021 677 1086 vel
700 1018 934 1104 equitaverint
951 1037 1014 1084 serr
1035 1012 1208 1108 exnu[n]t
1230 1015 1282 1082 ire
1297 1014 1356 1081 vel
1369 1013 1527 1100 equitare
1541 1023 1829 1102 presumpsenint
1842 1012 1933 1103 (rr‘c);
1956 1026 1993 1083 st
2007 1017 2118 1086 etiam

621 1157 666 1224 de
679 1156 749 1221 hiis
764 1156 825 1241 qui
840 1155 878 1220 in
892 1152 1031 1220 insidiis
1045 1152 1092 1220 ad
1113 1160 1256 1239 gentem
1278 1160 1435 1218 noemam
1455 1151 1741 1220 mahemiandam
1762 1151 1820 1218 vel
1841 1149 2118 1222 interficiendam

622 1290 802 1368 lacuerint,
832 1297 868 1354 et
896 1307 1037 1354 exnunc
1065 1287 1179 1354 intare
1206 1287 1503 1373 presumpserintr
1533 1297 1569 1354 et
1594 1289 1707 1356 etiarn
1735 1288 1781 1357 de
1808 1287 1866 1356 bis
1889 1289 1952 1376 qui
1974 1291 2120 1378 capitiis

621 1437 658 1494 et
687 1427 758 1492 alia
786 1425 937 1492 liberata
961 1426 1006 1493 de
1033 1425 1139 1491 unica
1160 1435 1257 1492 setta
1278 1444 1342 1508 per
1362 1423 1684 1492 tonfederationem
1706 1435 1742 1492 et
1762 1446 1827 1511 pro
1848 1429 2119 1496 manutenentia

473 1622 480 1640 .
525 1621 533 1638 .
622 1578 745 1632 tonna
773 1563 1013 1632 defentionem
1042 1581 1085 1628 ac
1112 1560 1260 1629 formam
1297 1559 1562 1627 ordinationum
1597 1571 1634 1627 et
1670 1569 1880 1628 statutorum
1917 1561 2001 1630 inde
2035 1575 2119 1632 ante

621 1703 688 1768 hec
715 1711 875 1787 tempora
903 1700 1074 1767 factorum
1101 1697 1159 1766 usi
1185 1697 1315 1765 tuerint
1339 1706 1377 1763 et
1397 1697 1477 1764 allis
1497 1697 1698 1784 huiusmodi
1719 1697 1869 1766 liberata
1890 1697 2118 1784 imposterum

621 1838 822 1914 utentibus3
860 1835 1034 1904 eteniam
1059 1835 1104 1902 de
1128 1833 1329 1902 hostelarris
1353 1843 1389 1900 et
1415 1833 1496 1901 aliis
1520 1833 1582 1919 qui
1610 1833 1649 1899 in
1677 1833 1792 1900 abusu
1815 1852 2058 1902 mensurarum
2083 1847 2120 1904 et

620 1974 826 2060 ponderum,
863 1991 906 2038 at
941 1971 980 2038 in
1016 1969 1222 2038 venditione
1261 1969 1476 2050 vitbrslium,
1519 1978 1558 2037 et
1599 1969 1712 2036 etiam
1754 1969 1801 2037 de
1842 1969 2121 2058 quibuscumque

620 2111 800 2196 operariis,
837 2107 1041 2188 artifidbus,
1077 2103 1306 2174 servitoribus
1347 2115 1385 2172 et
1423 2105 1503 2172 allis
1539 2104 1601 2190 qui
1632 2115 1755 2172 tonna
1786 2104 1936 2173 formam
1978 2107 2120 2176 ordlna-

620 2247 759 2315 ciosum
796 2255 832 2312 et
867 2252 1078 2310 statutorum
1113 2261 1179 2327 pro
1211 2241 1389 2307 communi
1423 2240 1576 2308 utilitate
1612 2241 1715 2328 regni
1756 2242 1869 2309 nostri
1903 2241 2040 2330 Anglie
2073 2245 2118 2314 de

619 2381 820 2450 huiusmodi
859 2379 1040 2466 operariis,
1081 2375 1283 2457 artificibus,
1321 2374 1558 2458 servitoribus,
1598 2376 1799 2444 hostelariis
1838 2387 1876 2446 et
1915 2379 1997 2448 aliis
2035 2379 2119 2452 inde

618 2514 790 2584 factorum
815 2515 1026 2601 deliquerint
1053 2515 1111 2581 vel
1140 2511 1428 2599 attemptaverint
1457 2511 1496 2578 in
1524 2513 1694 2580 comitatu
1722 2513 1880 2598 predicto
1901 2515 1959 2582 vel
1978 2535 2119 2586 munt

620 2655 821 2738 delinquere
861 2654 918 2719 vel
956 2661 1167 2737 attemptare
1198 2649 1494 2736 presumpserinm
1532 2657 1569 2716 et
1604 2649 1651 2715 ad
1680 2649 1831 2752 felonia?
1865 2651 2042 2738 predictas
2077 2671 2120 2720 at

619 2792 739 2858 omnia
766 2799 804 2858 et
832 2789 974 2876 singnda
995 2807 1064 2875 qne
1085 2807 1149 2874 per
1168 2786 1370 2854 huiusmodi
1394 2787 1639 2854 oonventitula
1659 2797 1783 2856 eontra
1803 2808 1929 2875 paoem
1950 2799 2118 2873 nmero,

618 2935 656 2993 et
692 2926 730 2992 in
762 2924 1066 3011 perturbationem
1102 2923 1227 3010 populi
1259 2921 1381 3001 nostri,
1419 2931 1455 2988 at
1490 2941 1534 2990 ea
1569 2923 1680 2990 etiam
1716 2943 1787 3010 que
1820 2945 1885 3010 per
1918 2925 2120 2996 huiusmodi

618 3061 766 3128 insidias
804 3061 850 3128 ad
893 3071 1036 3146 gentem
1072 3069 1230 3126 nostrmn
1275 3059 1560 3128 maberniandam
1595 3062 1653 3128 vol
1689 3061 1968 3132 interficiendam
2004 3075 2042 3132 et
2076 3083 2120 3132 ea

616 3198 728 3268 etiam
772 3217 836 3284 per
877 3217 979 3264 usum
1022 3195 1225 3262 huiusmodi
1267 3194 1479 3280 eapitiorum
1523 3205 1559 3262 et
1602 3197 1751 3266 alinum
1793 3199 2021 3268 liberatarum
2056 3221 2120 3288 per

616 3334 938 3402 ooniederationem
975 3344 1012 3400 et
1046 3351 1112 3418 pro
1147 3331 1417 3400 manutenentia
1452 3332 1551 3400 sicud
1586 3334 1783 3419 predictum
1815 3345 1870 3404 est
1906 3345 2119 3423 attemptata

614 3469 744 3536 fuerint
787 3477 824 3535 et
867 3475 1079 3552 attemptare
1115 3467 1327 3554 eontigeritr
1382 3461 1440 3534 at'
1466 3470 1765 3556 transgressiones
1807 3481 1845 3538 et
1886 3470 2118 3540 forstallnrias

612 3603 790 3688 predictas
828 3603 875 3669 ad
918 3613 1051 3670 sectam
1095 3611 1256 3670 nostram
1299 3613 1448 3685 tantum,
1493 3625 1536 3672 at
1578 3605 1800 3673 extortiones
1834 3617 1872 3674 et
1905 3607 2122 3694 regratarias

612 3741 790 3827 predictas
831 3750 868 3806 et
905 3739 1025 3806 omnia
1065 3740 1137 3808 alia
1176 3760 1248 3826 que
1286 3759 1350 3826 per
1391 3741 1595 3810 huiusmodi
1633 3741 1843 3812 hostelarios
1880 3753 1916 3810 et
1955 3743 2047 3813 alios
2082 3743 2121 3812 in

476 3946 479 3954 ,
613 3875 726 3944 abusu
752 3893 995 3942 mensurarum
1023 3884 1060 3942 st
1086 3877 1286 3961 ponderum
1315 3897 1359 3944 at
1379 3878 1417 3944 in
1444 3877 1652 3946 venditione
1686 3877 1891 3946 victualium
1928 3887 1966 3946 et
1997 3879 2121 3948 omnia

613 4012 685 4080 alia
712 4031 782 4098 que
809 4030 873 4097 per
901 4011 1103 4078 huiusmodi
1131 4011 1322 4096 operarios,
1351 4007 1503 4078 artifioes
1530 4021 1568 4079 et
1595 4012 1783 4080 servitores
1818 4023 1942 4082 nonna
1969 4013 2119 4082 formam

611 4146 880 4214 ordinationum
909 4156 947 4213 et
974 4155 1184 4214 statutorum
1215 4146 1451 4233 predictorum
1481 4167 1545 4214 seu
1573 4147 1611 4214 in
1640 4148 1907 4216 enervationem
1929 4150 2121 4218 eorundem

611 4285 649 4352 in
690 4285 811 4368 aliquo
849 4292 1055 4370 presumpta
1094 4284 1153 4350 vel
1193 4293 1404 4370 attemptata
1439 4283 1569 4352 fuerint
1603 4295 1678 4353 tarn
1715 4287 1762 4352 ad
1797 4295 1930 4354 settarn
1961 4295 2120 4354 nostram

610 4443 717 4508 quam
747 4422 895 4488 aliorum
925 4441 1226 4509 quorumcumque
1254 4443 1371 4490 eoram
1400 4421 1514 4504 vobis,
1536 4441 1602 4507 pro
1632 4421 1736 4490 nobis
1764 4423 1823 4489 vel
1858 4441 1925 4509 pro
1961 4441 2001 4489 se
2032 4421 2122 4508 ipsis

609 4559 776 4644 tonqueri
793 4560 850 4625 vel
872 4559 1039 4645 prosequi
1057 4559 1257 4626 volentium
1277 4557 1489 4626 audiendum
1515 4568 1551 4625 at
1572 4558 1847 4640 terminandum,
1861 4567 1899 4626 et
1917 4558 1965 4625 ed
1978 4557 2123 4628 medem

609 4697 799 4782 opmarios
828 4694 981 4764 artifices
1010 4707 1047 4764 et
1075 4696 1264 4764 servitores
1290 4715 1355 4782 per
1374 4694 1474 4778 linas,
1503 4695 1768 4782 redemptiones
1790 4705 1828 4762 et
1848 4694 2123 4764 smertiamenta

608 4841 645 4901 et
681 4833 752 4899 alio
781 4835 888 4900 modo
916 4853 982 4919 pro
1010 4833 1150 4902 delitiis
1180 4833 1255 4902 suis
1290 4842 1394 4919 prout
1428 4843 1514 4902 ante
1553 4830 1816 4902 ordinationem
1851 4832 1897 4899 de
1932 4829 2121 4918 punitione

608 4972 781 5057 corporali
809 4971 1012 5039 huiusmodi
1042 4973 1225 5058 operariis,
1262 4971 1454 5040 artificibus
1488 4982 1525 5040 st
1552 4972 1782 5042 servitoribus
1802 4990 1867 5057 pro
1888 4971 2027 5040 delittis
2049 4969 2124 5038 suis

607 5111 809 5177 exhibenda
844 5109 974 5176 metam
1010 5107 1088 5177 fieri
1129 5110 1315 5212 consuevit
1354 5110 1584 5199 castigandos
1623 5119 1661 5176 et
1692 5106 1894 5195 puniendos
1929 5105 2122 5174 secundnm
