5224 6596
564 829 567 836 ’
613 835 684 910 ι68
947 827 1044 922 uec
1067 827 1207 920 uttttc
1230 828 1330 920 tice
1354 831 1483 924 booit
1507 831 1558 922 oi
1588 830 1777 925 Metel.

607 1039 1019 1132 Reglsvelheredum
1056 1043 1294 1112 suommvel
1332 1043 1545 1114 bellicorum
1585 1045 2111 1119 seuministroromsuontm

605 1185 903 1246 autnostronrm
938 1195 1248 1266 quorumcumque.
1283 1179 2109 1255 sisainmenusueratlnnissetvelnos

603 1333 649 1384 ea
676 1315 805 1384 virtute
833 1314 1100 1384 concessionum
1128 1316 1365 1404 predictarum
1393 1319 1544 1406 predicti
1572 1321 1854 1390 metuendissimi
1877 1322 2016 1392 domini
2038 1323 2109 1394 mei

604 1449 721 1542 Regis
748 1451 1026 1522 retinuissemns.
1092 1451 1142 1520 Et
1173 1451 1287 1521 eclam
1323 1454 1420 1542 quod
1455 1454 1605 1542 predicti
1642 1455 1760 1525 Maior
1790 1467 1828 1526 et
1863 1455 2109 1528 communitas

601 1596 640 1656 et
666 1607 888 1658 successores
915 1589 983 1672 eui,
1010 1589 1160 1658 durante
1188 1591 1264 1660 vite
1295 1601 1427 1676 nosne,
1463 1592 1622 1662 habeam
1656 1605 1694 1662 et
1729 1603 1876 1664 teneant
1910 1595 2106 1684 predictum

600 1729 724 1798 villam
766 1729 924 1798 BristolL
968 1747 1049 1798 cum
1091 1727 1270 1798 suburbiis
1319 1729 1488 1810 eludent,
1540 1729 1709 1812 dominic,
1760 1731 1931 1814 monerio,
1981 1742 2105 1814 terres,

600 1875 813 1948 tenemente,
841 1867 922 1934 loca
949 1877 987 1934 et
1013 1847 1119 1934 feoda
1145 1865 1315 1952 predicta,
1345 1885 1483 1935 necnon
1512 1867 1634 1936 omniu
1663 1867 1738 1934 alia
1771 1869 1852 1936 loca
1887 1885 2106 1958 quecumque

600 1999 1430 2092 etieodapredictecumieodismilitum,
1468 2003 2107 2074 edvocecionibtlsecclederumec

599 2137 808 2207 frnncbeeiis
857 2147 895 2208 et
944 2137 1170 2207 libertatibus
1221 2139 1356 2208 eisdem
1399 2137 1702 2225 qualitercumque
1744 2139 1988 2226 spectantibus
2029 2139 2107 2207 sive

599 2273 868 2362 pertinentibus,
896 2293 1049 2346 unacum
1079 2273 1222 2356 sutem,
1243 2275 1560 2364 redempcionibm,
1579 2274 1735 2344 exitibus
1755 2283 1794 2344 et
1812 2273 2105 2357 amerciernentls,

599 2413 739 2484 catallis
766 2415 1007 2504 umgemrum
1033 2424 1072 2484 et
1099 2411 1339 2501 lirgitivonsm,
1368 2411 1529 2494 escestis,
1558 2409 1799 2493 forisfecturis,
1834 2409 2031 2480 deodnndis
2066 2419 2104 2480 et

598 2551 763 2620 omnbus
801 2549 883 2619 nes
921 2548 1089 2638 proficus
1128 2549 1405 2637 quibuscunque
1440 2547 1534 2617 inea
1571 2547 1791 2636 precinenn
1826 2547 1911 2616 vens
1945 2515 2103 2635 preneste

599 2687 780 2756 Bristollie
811 2697 850 2755 vt
884 2687 1081 2774 predictum
1109 2695 1175 2770 est,
1203 2706 1248 2754 ac
1275 2687 1321 2754 de
1348 2685 1514 2754 omnibus
1545 2685 1627 2753 allis
1658 2685 1765 2753 rebus
1796 2693 1871 2752 mm
1902 2682 2034 2752 finibus
2065 2695 2103 2752 ct

600 2821 882 2890 amerciarnentis
903 2821 1074 2892 devinci
1092 2829 1130 2890 et
1147 2821 1342 2890 senecione
1358 2819 1451 2890 infra
1466 2819 1633 2890 forestem
1650 2831 1688 2888 et
1704 2831 1806 2889 extre
1819 2840 1866 2888 ex
1881 2838 2103 2907 quocumque

600 2978 709 3026 cause
728 2978 848 3026 coram
869 2957 1148 3046 quibuscumque
1167 2957 1379 3043 Justiciariis
1399 2959 1550 3046 predicti
1574 2957 1854 3026 metuendissiml
1875 2957 2011 3024 domini
2032 2957 2103 3026 mei

599 3090 717 3183 Regis
737 3103 774 3162 et
794 3093 962 3162 heredum
985 3113 1127 3162 suorum
1150 3115 1213 3162 seu
1233 3093 1416 3178 ministris,
1430 3093 1707 3176 vicecomitibus,
1722 3093 1937 3175 senescallis,
1959 3093 2103 3162 ballivis

509 3283 517 3300 .
597 3240 662 3299 eut
689 3231 771 3299 aliis
806 3230 979 3300 ministris
1017 3231 1295 3320 quibuscumque
1331 3232 1370 3300 in
1410 3231 1485 3302 suis
1528 3230 1748 3301 cessionibus
1786 3229 1999 3300 ediudicetis
2038 3249 2102 3300 seu

598 3365 865 3444 adiudlcendis3
902 3365 1058 3434 ececiam
1086 3367 1207 3434 omnia
1234 3366 1392 3454 proficue
1418 3379 1457 3436 et
1483 3369 1721 3438 emolumenta
1740 3367 1875 3438 eisdem
1896 3367 2100 3436 tenentibus

596 3514 634 3572 et
660 3501 908 3583 residentibus,
937 3510 1012 3569 mm
1041 3503 1087 3570 de
1115 3503 1305 3590 punicione
1332 3507 1378 3574 de
1406 3505 1496 3574 falso
1525 3505 1656 3574 iudicio
1684 3505 1722 3574 in
1750 3524 1971 3593 quecumque
1991 3505 2100 3575 Curis

594 3639 732 3710 reddito
761 3659 867 3727 quem
895 3639 934 3706 in
971 3657 1193 3727 quacumque
1229 3637 1337 3709 Curis
1375 3641 1559 3709 adnullato
1587 3659 1651 3708 seu
1685 3639 1924 3716 adnullandor
1961 3659 2099 3708 necnon

595 3777 716 3844 omnin
743 3775 816 3844 elia
842 3773 1010 3862 proficue,
1035 3775 1407 3844 thesauros-inventos
1426 3789 1464 3845 et
1488 3777 1727 3846 emolumenta
1750 3795 1970 3864 quocumque
1993 3778 2099 3845 modo

591 3913 761 3982 eveniunt
796 3921 872 3981 mm
914 3911 961 3981 de
1001 3909 1153 3996 forestis,
1190 3914 1318 4002 percis,
1356 3914 1485 3992 boscis.
1525 3913 1680 3996 theosis,
1717 3912 1904 3993 iramnnls,
1948 3911 2098 4000 stagnis.

591 4050 748 4133 vivariis,
777 4049 956 4132 marescis,
987 4049 1107 4132 moris,
1136 4049 1292 4130 mineris,
1320 4048 1458 4119 wrecko
1484 4049 1602 4130 maris.
1631 4049 1796 4140 videlicet
1819 4047 1959 4118 wrecko
1986 4048 2099 4138 regali

592 4187 703 4255 etde
731 4203 952 4273 quecumque
980 4183 1055 4252 alla
1082 4203 1122 4250 re
1150 4203 1371 4272 quocumque
1399 4186 1506 4254 modo
1533 4183 1638 4252 luerit
1673 4203 1781 4270 quem
1820 4181 2099 4270 quibuscumque

592 4320 675 4388 aliis
701 4321 808 4389 rebus
835 4341 905 4409 que
927 4319 1020 4389 inire
1043 4319 1164 4388 villam
1185 4321 1381 4408 predictam
1402 4321 1572 4404 Bristoll„
1593 4320 1762 4403 dominic,
1782 4320 1950 4401 mmerla.
1974 4331 2097 4401 tmen.

595 4465 809 4537 tenemento,
824 4458 904 4525 loca
925 4466 963 4526 et
982 4453 1088 4526 feoda
1108 4457 1270 4544 predicte
1290 4457 1381 4526 ind-a
1401 4457 1621 4545 procinctum
1641 4457 1800 4526 eiusdem
1821 4456 1906 4524 oilie
1927 4455 2096 4536 Brutuli,

593 4602 635 4660 ut
660 4593 857 4682 predictum
892 4603 959 4676 est,
982 4593 1141 4664 accidere
1176 4603 1342 4681 potenmt
1376 4595 1608 4683 quovismodo
1643 4596 1734 4662 adeo
1765 4594 1905 4682 integre
1940 4591 2033 4660 sicrrt
2060 4591 2121 4670 in

592 4729 757 4799 manibtls
797 4732 948 4820 predicti
989 4731 1271 4802 metuendissimi
1312 4733 1450 4802 domini
1489 4731 1561 4800 mei
1607 4731 1721 4820 Regis
1762 4729 1924 4811 fuissent,
1975 4729 2096 4816 alique

591 4865 827 4954 prerogativa,
855 4869 1044 4959 privilegio
1071 4891 1136 4942 seu
1162 4869 1364 4940 iranchesiu
1392 4871 1665 4950 nonobstante,
1695 4878 1801 4955 prout
1828 4867 1867 4936 in
1895 4865 2024 4936 litteris
2052 4867 2098 4936 de

588 4999 815 5072 libertatibus
842 5015 880 5072 et
906 5005 1105 5094 privilegiis
1132 5007 1301 5095 predictis
1328 5005 1433 5075 nobis
1459 5026 1525 5094 per
1551 5005 1748 5092 predictum
1770 5003 2097 5074 metuendisslmum

590 5137 773 5208 dominnm
801 5158 919 5210 meum
944 5140 1084 5232 Regem
1120 5145 1298 5212 concemis
1327 5143 1469 5232 plenius
1504 5142 1714 5225 continetur,
1750 5139 1876 5212 Castro
1915 5140 2096 5210 Bristollie
