5342 6616
941 749 1038 842 dot
1061 749 1201 840 little
1225 747 1324 838 lito
1348 747 1477 838 :uoci
1503 748 1553 838 ot
1583 747 1773 839 anatol.

936 967 1029 1045 mn
1052 965 1170 1065 ostie
1193 965 1297 1042 aaa
1321 963 1543 1063 <sama
1571 963 1771 1040 ctum

730 1145 1001 1214 Memorendum
1034 1143 1130 1230 quod
1163 1143 1318 1208 Enmota
1347 1140 1554 1210 Chilcombe
1583 1157 1696 1224 nuper
1727 1139 1773 1205 de
1806 1137 1990 1204 Bristollia
2019 1135 2109 1202 obiit

602 1281 697 1367 apud
726 1279 946 1346 Bristolliem
967 1279 1026 1346 die
1049 1277 1212 1346 mercurii
1244 1277 1282 1344 in
1313 1275 1403 1343 sesto
1435 1275 1550 1344 meti
1580 1275 1716 1342 Thomu
1741 1275 1906 1357 martiris,
1932 1275 2107 1356 videlicet,

600 1418 769 1488 vicesimo
805 1439 900 1486 nono
936 1417 995 1486 die
1028 1416 1162 1484 mensis
1194 1416 1402 1484 Decembris
1436 1435 1531 1483 anno
1563 1417 1666 1503 regni
1702 1415 1798 1502 regis
1834 1413 1982 1482 Henrici
2015 1411 2108 1480 sexti

600 1565 683 1644 post
708 1565 938 1642 conquestum
964 1553 1099 1640 Anglie
1125 1553 1280 1620 secundo
1313 1549 1444 1643 [1423],
1477 1553 1577 1637 cujus
1608 1571 1737 1638 corpus
1768 1553 1945 1638 sepultum
1973 1548 2041 1618 fuit
2068 1549 2107 1616 in

600 1692 763 1760 Ecclesia
788 1691 957 1762 Omnium
980 1689 1203 1770 Sanctorum,
1224 1691 1395 1772 Bristoll.,
1425 1691 1588 1774 Johanne
1607 1691 1743 1758 Borton
1765 1701 1850 1758 tunc
1870 1690 2007 1758 Maiore
2022 1689 2107 1758 ville

601 1829 792 1908 Bn'stollie,
831 1827 969 1895 Thema
1007 1825 1194 1912 Hallewey
1235 1835 1320 1892 tunc
1357 1825 1564 1894 vicecomite
1605 1826 1762 1894 eiusdem
1808 1827 1904 1908 ville,
1950 1827 2107 1894 Ricardo

600 1965 815 2034 Alisaundre
840 1974 877 2032 et
897 1965 1061 2050 Johanne
1083 1963 1204 2031 Hethe
1234 1973 1319 2030 tunc
1339 1963 1491 2030 Ballivis
1508 1965 1593 2032 ville
1618 1965 1786 2052 predicte,
1807 1966 1951 2033 domino
1970 1965 2109 2034 inemo

599 2104 775 2172 Marchnll
800 2115 949 2190 protunc
977 2115 1149 2189 perpetuo
1177 2101 1310 2168 vicario
1337 2101 1496 2168 Ecclesie
1522 2101 1691 2170 Omnium
1716 2101 1926 2170 Sanctorum
1952 2102 2110 2190 predicte

600 2251 638 2310 et
670 2241 834 2326 Johanne
874 2240 1007 2308 Bolton
1046 2239 1173 2306 clerico
1214 2239 1481 2306 communitatis
1522 2240 1607 2306 ville
1647 2241 1816 2326 predicte,
1855 2239 1926 2328 Qui
1966 2241 2109 2328 quidem

599 2379 782 2465 Johannes
814 2378 946 2446 Bolton
982 2379 1029 2444 ad
1063 2376 1276 2444 instanciam
1312 2385 1349 2444 et
1381 2387 1547 2464 rogatum
1578 2377 1744 2462 Johanne
1776 2377 1924 2464 Waieys
1960 2387 2110 2465 protunc

602 2515 774 2584 Priorisse
798 2516 925 2582 domus
950 2517 1056 2580 beate
1080 2513 1195 2580 Mario
1218 2513 1435 2600 Magdalene
1459 2513 1682 2600 infrascripta
1706 2523 1743 2582 et
1763 2511 1931 2580 Sororum
1951 2513 2109 2582 eiusdem

602 2651 671 2720 loci
693 2671 736 2720 ac
756 2651 931 2736 Johannis
953 2650 1121 2731 Haddon
1136 2651 1296 2737 Vynter‚¹
1319 2650 1508 2736 burgensis
1529 2649 1613 2717 ville
1632 2651 1789 2736 predicte
1806 2651 1979 2736 premisse
1999 2673 2109 2722 manu

602 2810 667 2858 sua
691 2789 837 2877 propria
861 2789 1003 2874 scripsit
1027 2789 1065 2856 in
1089 2789 1196 2856 dorso
1224 2785 1372 2854 istarum
1405 2789 1669 2856 indenturamm
1703 2787 1741 2856 in
1774 2789 1976 2858 evidencius
2007 2789 2108 2858 tati·

601 2927 758 2994 monium
784 2925 1045 3014 premissorum.

691 3065 772 3132 Hoc
797 3064 1063 3132 memorandum
1084 3063 1245 3149 superius
1270 3063 1439 3150 scriptum
1460 3063 1611 3132 intratur
1630 3065 1668 3132 in
1685 3075 1834 3152 utroque
1852 3067 1958 3134 dorso
1978 3063 2109 3134 Inden-

689 3213 846 3270 tutatum
870 3201 1031 3288 superius
1056 3199 1346 3288 specificetemm.
1776 3202 1854 3270 first
1867 3203 1917 3291 fly
1930 3203 2011 3286 leaf,
2025 3205 2110 3272 dors

656 3417 1107 3497 SACRAMENTUM
1144 3417 1653 3512 JURISPERITORUM
1699 3419 2067 3500 ELECTORUM

1139 3567 1214 3643 IN
1250 3568 1571 3646 CONSILIUM.

732 3787 820 3854 This
839 3787 872 3854 is
896 3785 1047 3854 another
1066 3803 1158 3872 copy
1179 3784 1220 3852 of
1235 3784 1300 3851 the
1321 3785 1407 3852 oath
1428 3803 1476 3852 on
1493 3804 1530 3871 p.
1549 3805 1577 3852 t.

473 3993 496 4030 ¹·
603 3975 885 4053 RENTALE
931 3973 1370 4052 COMMUNITATIS
1422 3973 1593 4051 VILLE
1638 3975 1984 4054 BRISTOLLIE
2023 3977 2111 4056 DE

895 4123 1155 4203 TERMINO
1192 4123 1567 4203 NATIVITATIS
1604 4126 1829 4204 DOMINI.

603 4329 660 4397 De
680 4325 972 4395 Procuratoribus
993 4326 1141 4394 ecclesie
1161 4328 1207 4393 de
1222 4327 1426 4416 Redeclyue
1440 4331 1673 4416 proquodam
1689 4327 1759 4419 (sic)

689 4463 806 4552 fongia
827 4483 935 4550 supra
957 4471 1113 4532 montem
1136 4465 1268 4532 ibidem
1327 4514 1337 4533 .
1470 4515 1478 4531 .
1611 4517 1620 4534 .
1753 4515 1762 4534 .
2037 4469 2109 4555 ixd.

1942 4627 2006 4693 per
2020 4606 2074 4674 in·

602 4743 660 4812 De
680 4741 769 4810 turri
789 4739 884 4806 ultra
904 4739 1104 4807 inferiorem
1125 4750 1264 4826 portem
1284 4741 1330 4808 de
1344 4741 1548 4830 Redeclyve
1650 4744 1737 4832 xiid.
1803 4744 1872 4832 vjd.
1914 4745 2109 4826 deuterum,

603 4881 661 4948 De
681 4878 769 4947 turri
791 4877 893 4945 iuxta
915 4877 1064 4945 eandem
1085 4877 1210 4945 turrim
1229 4899 1276 4946 ex
1296 4888 1398 4966 parte
1419 4879 1547 4948 boriali
1597 4881 1651 4970 ijs.
1666 4881 1738 4969 fl'd
1752 4879 1872 4966 xviijd.
1928 4883 2098 4971 Symonis

1941 5019 2079 5108 Yonge.

1318 5101 1434 5154 Vinium.

2150 3969 2275 4020 mnu
2290 3979 2328 4020 or

2156 4045 2215 4084 unu
2225 4033 2317 4084 Towtt

2145 4109 2183 4150 or
2194 4097 2328 4150 erot.
