5342 6616
610 749 633 820 e
946 739 1043 831 obe
1066 738 1206 829 little
1230 737 1329 828 κω
1355 738 1484 829 Boot
1509 737 1779 834 otnttstot.

607 955 667 1024 De
701 956 765 1024 illo
800 965 1002 1024 tenemento
1036 954 1169 1022 ibidem
1206 953 1300 1020 inter
1337 963 1577 1022 tenementum
1620 956 1770 1042 predicti

694 1091 863 1180 Magistri
883 1101 920 1160 et
941 1099 1180 1160 tenementum
1202 1089 1351 1158 Henrici
1373 1087 1559 1177 Shupmen
1575 1093 1671 1176 quod
1691 1111 1770 1178 pre·

694 1229 811 1297 dictus
825 1228 1001 1316 Magister
1013 1229 1129 1296 tenuit
1191 1275 1768 1296 .....

567 1421 570 1434 .
607 1366 665 1434 De
678 1366 740 1434 illo
756 1377 958 1434 tenemento
972 1365 1103 1434 situeto
1119 1365 1250 1432 ibidem
1265 1363 1359 1430 inter
1368 1372 1608 1431 tenementum
1619 1365 1768 1451 predicti

693 1503 863 1590 Magistri
885 1513 923 1572 et
946 1510 1186 1571 tenementum
1212 1499 1362 1589 predicti
1385 1499 1534 1568 Henrici
1557 1501 1653 1586 quod
1673 1501 1768 1568 idem

694 1639 871 1728 Magister
883 1639 998 1708 tenuit
1050 1685 1768 1706 ......

606 1779 664 1848 De
699 1779 763 1848 illo
798 1789 1001 1849 tenemento
1037 1780 1169 1846 situnto
1205 1779 1338 1846 ibidem
1365 1774 1462 1864 quod
1489 1773 1669 1860 quondum
1702 1772 1769 1841 fuit

692 1915 844 1984 Roberti
859 1899 1067 2004 Bardeneye
1082 1915 1174 1982 inter
1187 1924 1430 1983 tenementum
1441 1909 1592 2000 predicti
1601 1909 1769 1999 Magistri

692 2067 740 2115 ex
762 2056 865 2134 parte
887 2067 962 2116 une
986 2061 1023 2117 et
1048 2055 1287 2116 tenementum
1315 2048 1468 2117 Cristine
1493 2066 1563 2134 que
1586 2046 1654 2115 fuit
1678 2067 1769 2116 uxor

692 2186 844 2254 walteri
853 2187 999 2275 Tropyn
1012 2207 1060 2254 ex
1070 2187 1263 2274 alteraque
1274 2187 1453 2255 Henricus
1463 2185 1650 2274 Shupmen
1664 2185 1779 2254 tenuit

605 2321 663 2390 De
676 2323 749 2390 illis
763 2321 876 2392 tribus
891 2324 1013 2410 ehopis
1027 2324 1169 2392 situatis
1182 2324 1221 2392 in
1236 2325 1316 2392 vieo
1337 2325 1383 2392 de
1403 2323 1655 2392 Toukarestret
1676 2322 1768 2390 inter
1866 2355 1875 2372 ·

691 2468 932 2528 tenementum
947 2459 1096 2528 Henrici
1110 2459 1297 2549 Shnpmen
1312 2470 1349 2529 et
1371 2468 1611 2528 tenementum
1631 2458 1768 2543 Jobun·

691 2597 750 2664 nis
777 2598 812 2664 le
834 2596 969 2684 Whyte
989 2597 1133 2665 teillour
1152 2607 1190 2666 et
1212 2595 1436 2690 1e[ebelle(?)]
1457 2598 1579 2666 uxoris
1599 2597 1767 2684 eiusque

692 2820 873 2890 christina
886 2842 956 2909 que
968 2820 1035 2889 fuit
1048 2820 1124 2889 filie
1136 2822 1289 2890 walteri
1302 2735 1449 2892 Q
1457 2823 1571 2890 tenuit
1610 2868 1621 2888 .
1752 2869 1762 2888 .

603 2955 661 3026 De
675 2957 747 3026 iliis
761 2958 875 3026 tribus
890 2957 1012 3045 shopis
1026 2958 1159 3026 ibidem
1180 2959 1273 3025 inter
1294 2959 1444 3044 shopem
1466 2959 1623 3045 predicte
1645 2957 1765 3027 Chris·
1791 2987 1793 2992 ·

690 3097 813 3165 tineet
827 3105 1067 3166 tenementum
1079 3096 1254 3165 Willelmi
1267 3098 1314 3164 de
1326 3095 1409 3164 Axe
1467 3144 1478 3163 .
1609 3143 1619 3163 .
1751 3145 1760 3162 .

603 3232 661 3301 De
697 3233 761 3301 illo
796 3199 999 3302 tenemento
1034 3233 1167 3302 ibidem
1197 3234 1291 3301 inter
1321 3242 1561 3302 tenementum
1588 3233 1764 3318 Johnnnis

689 3371 824 3460 Whyte
838 3371 981 3439 taillour
994 3380 1031 3440 et
1047 3369 1234 3463 Is[abelle]
1249 3371 1370 3438 uxoris
1382 3369 1460 3438 eius
1473 3379 1510 3438 et
1524 3377 1763 3438 tenementum

688 3506 863 3591 Johannis
876 3508 1001 3576 Douce
1043 3555 1761 3576 ......

603 3642 662 3713 De
697 3645 770 3711 illis
805 3645 943 3712 duobus
980 3644 1192 3713 tenementis
1228 3645 1361 3713 ibidem
1396 3643 1490 3712 inter
1524 3653 1764 3714 tenementum

688 3781 863 3850 Willelmi
876 3783 923 3849 de
935 3781 1018 3849 Axe
1033 3790 1070 3848 et
1083 3791 1324 3850 tenementum
1339 3781 1471 3851 Cecilie
1484 3783 1518 3849 le
1533 3779 1603 3870 (sic)
1619 3779 1725 3850 Clerk
1751 3829 1761 3848 .

603 3921 733 3992 Deillo
744 3932 946 3991 tenemento
958 3923 1090 3991 ibidem
1101 3923 1194 3991 inter
1203 3930 1443 3991 tenementum
1453 3922 1628 4007 Johennis
1640 3922 1764 3991 Douoe

689 4073 727 4134 et
753 4074 994 4134 tenementum
1022 4064 1198 4149 Johennis
1227 4063 1399 4153 Berewylr
1431 4067 1526 4152 quod
1558 4064 1693 4134 Cecilin
1728 4068 1765 4133 le
1872 4029 1875 4036 ,

689 4206 796 4276 Clerlr
808 4207 923 4274 tenuit

602 4349 659 4416 De
673 4348 736 4416 illo
750 4356 952 4416 tenemento
973 4348 1012 4416 in
1025 4347 1105 4416 vieo
1125 4349 1241 4416 saneti
1255 4349 1391 4416 ‘sbome
1410 4349 1503 4418 inter
1523 4360 1764 4420 tenementum

690 4493 822 4563 Cecilie
838 4496 876 4561 le
895 4494 1001 4563 Clerk
1014 4503 1052 4562 et
1065 4503 1308 4564 tenementum
1327 4494 1491 4564 Metildis
1503 4493 1657 4564 Wechet
1668 4495 1764 4582 quod

687 4637 871 4721 Johennes
885 4637 930 4705 de
943 4637 1117 4728 Berewyk
1130 4637 1245 4706 tenuit
1321 4687 1330 4704 .
1463 4687 1473 4706 .
1606 4685 1615 4704 .
1747 4687 1758 4706 .

602 4780 659 4849 De
686 4781 750 4848 illo
779 4789 981 4849 tenemento
1014 4781 1053 4849 in
1081 4781 1374 4872 Redeclyvestret
1401 4782 1495 4850 inter
1522 4792 1763 4851 tenementum

688 4921 863 5006 Johennis
894 4921 1068 5012 Berewyk
1099 4935 1137 4993 et
1167 4933 1406 4994 tenementum
1434 4925 1587 4994 Walteri
1619 4925 1761 4996 Prentiz

688 5067 784 5153 quod
797 5063 962 5135 Matildis
973 5067 1127 5138 Wechet
1139 5068 1254 5136 tenuit
1328 5114 1337 5133 .
1470 5115 1479 5134 .
1611 5117 1622 5138 .
1754 5117 1763 5136 .
