5294 6592
645 810 696 880 ⁶6
985 805 1082 898 doc
1105 807 1366 900 omittite
1391 799 1520 904 noct
1545 814 1596 922 ot
1626 812 1812 906 annot

646 1013 762 1084 Curio.
807 1016 880 1086 Sed
906 1021 938 1088 si
961 1019 1052 1089 forte
1074 1022 1269 1092 defendens
1292 1045 1365 1092 non
1390 1027 1532 1096 dedicat
1557 1027 1765 1114 simpliciter
1791 1029 1925 1098 dictum
1950 1041 2155 1117 querentem

646 1155 710 1220 sed
733 1166 926 1242 eognoscat
948 1160 1045 1246 quod
1069 1160 1147 1248 ipse
1172 1161 1242 1230 sibi
1265 1164 1458 1251 aliquando
1482 1164 1520 1230 in
1545 1163 1612 1231 tali
1637 1164 1757 1232 debito
1779 1165 1977 1247 tenebatur,
2002 1177 2040 1234 et
2060 1169 2156 1255 quod

645 1287 692 1354 de
715 1291 840 1358 eodem
863 1293 984 1360 debito
1008 1294 1078 1362 sibi
1103 1296 1175 1363 iam
1199 1298 1261 1364 diu
1283 1307 1340 1366 est
1367 1297 1472 1366 fuerit
1489 1297 1726 1376 satisfactum
1756 1308 1793 1366 et
1821 1301 1947 1369 ecdem
1976 1304 2081 1370 modo
2109 1304 2155 1372 de

645 1427 895 1510 conuencione‚
910 1431 1118 1500 detencione
1139 1443 1177 1500 et
1198 1434 1278 1502 aliis
1304 1436 1458 1522 querelis
1479 1445 1518 1502 vt
1546 1435 1592 1502 de
1620 1436 1913 1524 transgressione,
1943 1438 2153 1524 imprisoua·

644 1571 766 1629 mento
793 1573 831 1630 et
859 1563 941 1632 aliis
969 1569 1112 1652 placitis
1140 1572 1187 1637 od
1216 1571 1349 1638 curiam
1379 1569 1624 1638 mercatoriam
1657 1571 1916 1658 pertinentibus
1945 1575 2153 1644 admittant

643 1696 699 1764 eis
736 1699 915 1784 probacio,
955 1704 1041 1790 quia
1084 1706 1169 1774 licet
1215 1707 1314 1792 prius
1351 1705 1465 1772 fuerat
1501 1706 1666 1776 defensor
1708 1729 1802 1776 nunc
1838 1729 1903 1797 per
1949 1712 2150 1780 huiusmodi

643 1837 909 1921 responsionem
944 1840 1109 1909 deueniet
1143 1853 1252 1910 actor.
1297 1843 1346 1910 Et
1375 1841 1556 1910 sciendum
1584 1845 1682 1930 quod
1709 1845 1909 1932 quicunque
1937 1849 2045 1914 cadat
2073 1847 2149 1915 siue

645 1991 797 2057 querens
840 1975 917 2044 siue
953 1977 1117 2047 defensor
1155 1999 1295 2068 semper
1337 1981 1434 2048 cadit
1476 1981 1514 2048 in
1556 1979 1723 2067 dampnis
1761 1989 1799 2049 et
1835 1983 2003 2068 expensis
2053 1983 2150 2052 iliius

643 2131 709 2196 pro
731 2132 802 2197 quo
825 2114 994 2192 iudicium
1019 2117 1187 2184 redditur.

492 2484 500 2500 .
545 2485 551 2501 .
648 2419 804 2512 QUOD
871 2421 1075 2502 MERCA
1084 2425 1266 2502 TORES
1331 2423 1771 2501 RESPONDEANT
1828 2425 1914 2502 DE
1980 2425 2150 2503 BONIS

641 2585 944 2667 MUTUATIS
993 2591 1400 2670 APPRENTICIIS
1454 2591 1542 2668 ET
1594 2590 2150 2670 SUBMERCATORIBUS

1309 2760 1441 2838 SUIS.

772 2944 866 3032 Quia
897 2949 1107 3018 multociens
1135 2959 1173 3016 et
1199 2949 1432 3016 communiter
1459 2947 1611 3036 contigit
1638 2949 1733 3035 quod
1762 2949 1972 3060 apprenticii
2000 2959 2037 3016 et
2065 2951 2149 3016 sub·

639 3093 851 3151 mercatores
883 3085 944 3172 qui
983 3088 1049 3153 sub
1083 3086 1238 3154 dominis
1274 3087 1349 3154 suis
1388 3087 1529 3172 publice
1568 3095 1604 3152 et
1644 3083 1830 3154 manifeste
1874 3085 2146 3167 mercandisant,

637 3221 837 3304 pecuniam,
859 3224 956 3290 bona
978 3233 1015 3290 et
1040 3224 1279 3292 mercandisas
1303 3225 1348 3290 ad
1373 3243 1463 3310 opus
1488 3223 1710 3292 dominorum
1744 3243 1886 3290 suorum
1909 3223 1963 3290 eis
1994 3223 2148 3292 mutuari

637 3368 675 3424 et
703 3359 925 3426 accomodari
952 3369 1152 3446 procurant,
1181 3361 1310 3447 quibus
1340 3359 1567 3445 apprenticiis
1596 3369 1633 3427 et
1657 3361 1921 3442 mercatoribus,
1946 3358 2078 3428 sinim
2103 3381 2143 3428 se

636 3491 726 3577 ipsis
759 3501 878 3559 essem
906 3503 943 3561 et
972 3515 1043 3562 non
1073 3515 1153 3564 cum
1181 3497 1382 3565 huiusmodi
1406 3496 1560 3565 dominis
1588 3497 1658 3583 ipsi
1683 3507 1896 3577 munientes,
1923 3497 2022 3564 nulia
2047 3498 2143 3565 bona

636 3628 782 3696 omnino
810 3631 863 3697 eis
891 3632 1091 3708 traderent;
1132 3633 1170 3700 in
1195 3654 1267 3720 quo
1296 3655 1381 3702 casu
1409 3644 1465 3703 est
1494 3635 1694 3702 ordinatum
1724 3635 1819 3720 quod
1848 3633 1982 3700 domini
2018 3632 2140 3700 huius-

635 3767 732 3834 modi
790 3768 1087 3854 apprenticiorum
1134 3781 1170 3837 et
1216 3773 1515 3840 submercatorum
1566 3771 1804 3858 respondeant
1856 3771 1980 3837 eodem
2034 3769 2141 3838 modo

634 3903 682 3972 de
737 3903 940 3972 huiusmodi
996 3905 1101 3973 bonis
1152 3916 1189 3975 et
1240 3909 1470 3976 mercandisis
1527 3908 1580 3976 eis
1638 3927 1702 3994 per
1760 3927 1887 3974 manus
1941 3907 2142 3976 huiusmodi

635 4041 931 4128 apprenticiorum
975 4054 1011 4109 et
1055 4044 1353 4112 submercatorum
1392 4063 1534 4111 suorum
1572 4062 1794 4129 quocumque
1836 4039 1959 4112 rnodo¹
1978 4043 2141 4122 traditis:

634 4199 677 4246 ac
735 4179 767 4246 si
813 4179 957 4265 ipsimet
1012 4181 1136 4248 eadem
1191 4180 1288 4247 bona
1346 4189 1383 4248 et
1439 4180 1679 4247 mmcandisas
1735 4199 1800 4266 per
1863 4198 1947 4246 suas
2011 4199 2139 4248 manus

633 4315 796 4402 proprias
829 4315 1044 4402 recepissent
1073 4316 1131 4384 Ita
1170 4327 1289 4385 tamen
1319 4321 1413 4405 quod
1453 4319 1523 4405 ipsi
1558 4317 1767 4405 apprenticii
1796 4326 1832 4385 et
1862 4319 2142 4386 submercatores

634 4459 894 4537 cognoscannu
927 4453 995 4518 sub
1029 4452 1230 4522 huiusmodi
1273 4455 1427 4523 dominis
1470 4455 1545 4523 suis
1581 4466 1619 4523 et
1656 4475 1736 4524 cum
1786 4457 1892 4524 bonis
1938 4459 2140 4528 eommdem

634 4586 857 4654 dominorum
891 4598 975 4656 ante
1003 4599 1041 4657 et
1074 4600 1157 4678 post
1188 4591 1390 4660 huiusmodi
1428 4593 1688 4660 mutuacionem
1725 4613 1788 4662 seu
1821 4594 2053 4664 tradicionem
2084 4597 2141 4664 vel

634 4724 753 4791 saltim
768 4733 926 4811 tempore
940 4726 1143 4796 huiusmodi
1157 4730 1370 4796 mutacionis
1385 4729 1455 4818 (sic)
1470 4737 1506 4796 et
1521 4729 1728 4797 tradicionis
1742 4729 1928 4800 manifeste
1942 4731 2142 4799 ministrare

633 4873 670 4932 et
705 4867 975 4950 mmoandisare,
1012 4870 1170 4937 habeant
1203 4869 1316 4936 eciam
1364 4874 1575 4935 mercatores
1611 4867 1761 4934 eandem
1798 4869 1977 4936 accionm
2018 4889 2141 4937 versus

630 5019 869 5088 quoscumque
898 5005 945 5071 ad
973 5007 1166 5093 petendum
1194 5008 1290 5073 bona
1318 5017 1354 5073 et
1383 5003 1623 5072 mercandisas
1651 5023 1736 5070 suas
1764 5005 1796 5072 si
1818 5004 2020 5079 huiusmodi
2044 5006 2141 5073 bona

631 5145 668 5202 et
701 5139 922 5206 mercandise
950 5149 1166 5227 apprestata,
1196 5142 1338 5223 tradita,
1369 5143 1430 5208 sed
1459 5138 1692 5226 quouismodo
1725 5139 1877 5208 liberata
1911 5139 2040 5208 fuerint
2074 5161 2140 5228 por
