5224 6596
843 831 941 923 dte
963 829 1102 921 little
1127 830 1225 922 tien
1252 831 1457 924 nonunt
1482 832 1670 926 bustel.
1933 866 2010 940 229

499 1043 680 1130 percipere
707 1056 744 1113 et
771 1047 903 1114 habere
931 1045 1071 1133 possint
1098 1047 1144 1114 de
1173 1047 1287 1128 terris,
1317 1049 1538 1130 tenementis,
1574 1053 1868 1136 possessionibus,
1901 1056 2011 1126 bonis

499 1190 538 1248 et
566 1182 704 1251 catellis
734 1183 923 1250 eorundem
953 1182 1135 1251 bominum
1165 1192 1202 1251 et
1231 1184 1430 1254 tenencium
1461 1185 1539 1254 sine
1563 1187 1749 1256 occasione
1773 1192 1832 1258 vel
1858 1191 2011 1278 impedi·

500 1330 621 1387 mento
650 1320 763 1388 nostri
789 1321 848 1388 vel
880 1321 1048 1388 heredum
1085 1328 1284 1388 nostrorum
1321 1331 1384 1388 aut
1419 1321 1632 1392 balliucrum
1668 1345 1733 1394 seu
1768 1326 2011 1398 ministrorum

500 1465 700 1526 nostrorum
736 1477 1045 1544 quorumcumque.
1103 1457 1153 1526 Et
1187 1459 1283 1544 quod
1319 1459 1427 1527 iidem
1463 1458 1582 1546 Major
1616 1471 1654 1529 et
1689 1459 1935 1532 communitas
1970 1477 2008 1534 et

501 1573 826 1676 rememorasse,
862 1597 1012 1664 ouante
1054 1595 1207 1662 termino
1235 1595 1406 1680 predicto,
1443 1595 1606 1666 simfliter
1641 1600 1799 1669 nauem
1824 1585 1874 1668 'n
1910 1601 2012 1682 vtile,

501 1733 681 1813 comitatu,
711 1732 900 1815 suburbiis,
929 1733 1042 1814 terris,
1079 1731 1302 1812 tenementis,
1338 1731 1452 1802 feodis
1485 1742 1523 1802 et
1551 1733 1639 1802 loeis
1668 1735 1848 1820 predictis,
1878 1733 2008 1803 Castro

500 1879 538 1938 et
558 1869 702 1937 fossatis
723 1871 882 1956 ejusdem
906 1870 1076 1956 exceptis,
1102 1871 1233 1938 camna
1253 1867 1419 1950 ielonurn,
1439 1880 1477 1938 et
1495 1868 1736 1957 fingitiuorum,
1757 1873 2007 1960 vtlegacomm,

500 2005 771 2092 dampnatorum
809 2015 847 2072 et
884 2005 1049 2088 wauiata,
1093 2005 1151 2074 Ita
1193 2006 1288 2092 quod
1328 2007 1360 2073 si
1397 2005 1477 2092 quis
1514 2007 1697 2078 bominum
1733 2021 1771 2079 et
1806 2011 2009 2080 tencncium

499 2143 736 2228 predictomm
765 2150 827 2210 aut
854 2141 917 2210 alii
944 2143 983 2209 in
1012 2141 1109 2220 villa,
1137 2141 1319 2222 comitatu,
1355 2141 1543 2219 suburbiis,
1580 2141 1692 2212 iendis
1728 2152 1765 2212 et
1800 2141 1899 2214 incis¹
1926 2165 2007 2232 pre·

500 2277 615 2358 dictis,
645 2278 803 2364 exceptis
831 2279 1065 2366 preexoeptis,
1094 2299 1159 2366 pro
1179 2278 1312 2346 delicto
1336 2297 1401 2346 suo
1422 2278 1533 2346 vitam
1555 2281 1613 2346 vel
1635 2283 1831 2350 membrum
1852 2281 2011 2352 debeant

500 2415 663 2483 amittere
689 2417 748 2483 vel
779 2415 936 2504 surgerint
970 2427 1007 2484 et
1040 2415 1173 2502 judicic
1209 2425 1304 2484 stare
1339 2415 1542 2496 noluerint⁸
1575 2418 1632 2485 vel
1666 2417 1811 2504 aliquod
1838 2419 2007 2486 delictum

498 2552 646 2621 fecerint
674 2573 846 2640 proquo
867 2555 998 2622 catalla
1026 2573 1093 2621 sua
1119 2553 1251 2621 debent
1286 2553 1433 2638 perdere
1468 2555 1680 2642 ubicumque
1708 2556 1754 2622 de
1782 2555 1835 2622 cis
1863 2553 2010 2642 justicia

498 2687 574 2758 fieri
602 2692 742 2772 debeat,
772 2691 849 2758 siue
877 2689 915 2757 in
944 2688 1052 2759 Curia
1079 2698 1202 2756 nostra
1228 2687 1287 2755 vel
1314 2688 1483 2756 heredum
1515 2698 1725 2772 nostrorum,
1755 2709 1875 2758 coram
1901 2690 2006 2759 nobis

497 2838 535 2895 ct
571 2827 760 2896 heredibus
796 2828 927 2896 nostris
972 2847 1035 2894 seu
1081 2846 1200 2894 coram
1243 2824 1454 2910 Justiciariis
1495 2837 1533 2895 et
1574 2825 1747 2896 micistris
1782 2829 1913 2894 nostris
1948 2829 2010 2896 vel

498 2964 666 3035 heredum
695 2975 893 3034 nostrorum
922 2962 1200 3050 quibuscumque
1236 2961 1448 3047 supradictis
1483 2961 1560 3029 siue
1595 2961 1634 3030 in
1670 2961 1753 3030 aliis
1788 2963 1896 3030 curiis
1932 2965 2005 3033 sint

499 3101 579 3187 ipsa
617 3103 749 3168 catella
788 3100 881 3168 inira
919 3099 1016 3166 dicta
1057 3097 1191 3176 villam,
1235 3095 1453 3176 comitatum,
1497 3097 1666 3166 suburbia
1705 3113 1742 3167 et
1785 3102 2007 3189 procinctum

498 3239 694 3306 existencia
732 3239 889 3324 ipsorum
929 3236 1075 3322 majoris
1113 3245 1150 3301 et
1188 3233 1451 3302 communitatis
1489 3243 1526 3301 et
1565 3253 1806 3306 successorum
1850 3259 2007 3320 sucrum,

498 3376 649 3442 durante
693 3376 845 3444 termino
888 3373 1059 3461 predicto.
1126 3371 1175 3438 Et
1215 3371 1321 3440 liceat
1364 3371 1536 3440 ministris
1575 3373 1732 3460 ipsorum
1778 3375 1926 3461 Maioris
1970 3387 2010 3444 et

498 3508 772 3578 communitatis
792 3522 829 3578 et
850 3529 1089 3578 successorum
1112 3530 1265 3590 snorum,
1280 3511 1430 3578 durante
1451 3511 1602 3581 termino
1624 3513 1698 3594 illo,
1720 3513 1798 3582 sine
1819 3515 2005 3584 occasione

497 3647 556 3714 vel
583 3646 837 3732 impedimento
865 3647 977 3713 nostri
1006 3645 1064 3714 vel
1091 3647 1260 3714 heredum
1291 3655 1490 3714 nostrorum
1520 3658 1583 3715 aut
1611 3649 1761 3717 aliorum
1793 3649 2010 3716 bellicorum

499 3803 562 3850 sen
584 3783 824 3853 ministrorum
847 3789 1047 3848 nostrorum
1072 3782 1131 3848 vel
1154 3781 1323 3850 heredum
1350 3761 1549 3851 nostrorum
1575 3802 1883 3870 quorumcumque,
1907 3784 2006 3870 ipsos

499 3919 672 4005 Maiorem
701 3930 738 3988 et
768 3917 1064 3987 Communitatem
1094 3929 1131 3984 et
1160 3937 1380 3986 successores
1403 3939 1487 3986 suos
1509 3919 1546 3986 in
1568 3915 1770 4010 se[i]sinem
1796 3919 2007 3986 mallonum

498 4055 639 4122 illorum
680 4057 727 4124 ad
766 4075 810 4123 ea
850 4053 888 4121 in
927 4073 1048 4122 eorum
1095 4053 1244 4140 Maioris
1287 4066 1323 4120 et
1367 4053 1641 4123 communitatis
1684 4066 1720 4124 et
1763 4075 2005 4124 successorum

497 4210 640 4260 suorum
668 4213 771 4260 vsum
799 4202 836 4260 et
864 4190 1057 4278 proficuum
1085 4192 1272 4259 retinenda
1300 4211 1441 4278 ponere.
1501 4191 1550 4260 Et
1573 4194 1668 4279 quod
1694 4192 1801 4261 iidem
1826 4192 1944 4278 Major
1964 4205 2002 4262 et

498 4328 742 4397 Communitas
777 4339 814 4396 et
849 4347 1069 4396 successores
1105 4329 1160 4396 sui
1195 4321 1360 4396 teneant
1377 4328 1509 4396 dictem
1546 4328 1667 4396 villam
1705 4329 1884 4398 Bristollie
1920 4351 2004 4398 cum

498 4465 676 4532 suburbiis
703 4465 874 4552 ejusdem,
903 4474 1115 4546 tenementa,
1145 4464 1225 4532 ioca
1253 4474 1290 4532 et
1321 4463 1425 4532 feoda
1461 4464 1622 4550 predicta
1657 4483 1875 4550 quecumque
1911 4463 2008 4532 inire

498 4605 717 4692 procinctum
745 4604 905 4690 ejusdem
932 4601 1027 4682 ville,
1056 4621 1208 4668 unacum
1240 4599 1363 4684 firmis,
1394 4601 1570 4680 mercatis,
1600 4601 1713 4687 aquis,
1743 4600 1894 4686 ripariis,
1923 4599 2004 4680 viis,

498 4739 671 4827 piscariis,
694 4739 913 4818 communiis,
936 4738 1094 4819 assertis,
1114 4737 1238 4818 vastis,
1260 4737 1508 4825 purprcsturis,
1531 4739 1686 4808 aceniam
1706 4735 2005 4816 arentacionibus,

446 4879 450 4890 '
499 4887 535 4944 et
555 4877 752 4944 redditibus
773 4894 1073 4962 quorumcumque
1089 4883 1315 4956 assertorum,
1338 4873 1531 4942 vastorum⁸
1543 4885 1580 4942 et
1598 4873 1915 4962 purpresturarum⁴
1927 4883 2005 4940 tarn

329 5045 418 5112 ιω,
498 5013 728 5101 temporibus⁸
748 5013 1014 5101 progenitorum
1035 5020 1235 5078 nostrorum
1256 5011 1436 5097 quondam
1459 5031 1584 5098 regum
1601 5009 1737 5100 Anglie
1750 5029 1857 5097 quarn
1872 5009 2007 5077 nostris

533 5183 698 5238 wreus.
766 5183 1000 5236 wsauuenn
1067 5181 1256 5236 weram
1322 5180 1415 5234 ⁴115.
1432 5183 1606 5250 perpetuu
1674 5181 1968 5250 ‘uenenorum
