<?xml version="1.0" encoding="UTF-8"?>
<!DOCTYPE html PUBLIC "-//W3C//DTD XHTML 1.0 Transitional//EN"
    "http://www.w3.org/TR/xhtml1/DTD/xhtml1-transitional.dtd">
<html xmlns="http://www.w3.org/1999/xhtml" xml:lang="en" lang="en">
 <head>
  <title>
</title>
<meta http-equiv="Content-Type" content="text/html;charset=utf-8" />
  <meta name='ocr-system' content='tesseract 3.04.00' />
  <meta name='ocr-capabilities' content='ocr_page ocr_carea ocr_par ocr_line ocrx_word'/>
</head>
<body>
  <div class='ocr_page' id='page_1' title='image "./littleredbookbr02enggoog_0144.png"; bbox 0 0 5294 6592; ppageno 0'>
   <div class='ocr_carea' id='block_1_1' title="bbox 860 745 2032 856">
    <p class='ocr_par' dir='ltr' id='par_1_1' title="bbox 860 745 2032 856">
     <span class='ocr_line' id='line_1_1' title="bbox 860 745 2032 856; baseline -0.006 -14"><span class='ocrx_word' id='word_1_1' title='bbox 860 747 958 842; x_wconf 67' lang='lat' dir='ltr'><strong>dcc</strong></span> <span class='ocrx_word' id='word_1_2' title='bbox 980 745 1398 840; x_wconf 72' lang='lat' dir='ltr'><strong>littlctlcttloolt</strong></span> <span class='ocrx_word' id='word_1_3' title='bbox 1423 748 1474 838; x_wconf 83' lang='lat' dir='ltr'><strong>ot</strong></span> <span class='ocrx_word' id='word_1_4' title='bbox 1504 749 1691 843; x_wconf 72' lang='lat' dir='ltr'><strong>erutos</strong></span> <span class='ocrx_word' id='word_1_5' title='bbox 1981 763 2032 856; x_wconf 74' lang='lat'><strong>85</strong></span> 
     </span>
    </p>
   </div>
   <div class='ocr_carea' id='block_1_2' title="bbox 292 963 2039 4287">
    <p class='ocr_par' dir='ltr' id='par_1_2' title="bbox 516 963 2039 2014">
     <span class='ocr_line' id='line_1_2' title="bbox 517 963 2035 1051; baseline 0.006 -23"><span class='ocrx_word' id='word_1_6' title='bbox 517 963 622 1032; x_wconf 89' lang='lat' dir='ltr'><strong>nobis</strong></span> <span class='ocrx_word' id='word_1_7' title='bbox 649 982 714 1051; x_wconf 87' lang='lat' dir='ltr'><strong>per</strong></span> <span class='ocrx_word' id='word_1_8' title='bbox 741 963 879 1030; x_wconf 79' lang='lat' dir='ltr'><strong>litteras</strong></span> <span class='ocrx_word' id='word_1_9' title='bbox 909 972 1049 1030; x_wconf 86' lang='lat' dir='ltr'><strong>vestras</strong></span> <span class='ocrx_word' id='word_1_10' title='bbox 1076 970 1242 1048; x_wconf 89' lang='lat' dir='ltr'><strong>patentes</strong></span> <span class='ocrx_word' id='word_1_11' title='bbox 1280 965 1421 1030; x_wconf 85' lang='lat' dir='ltr'><strong>clausas</strong></span> <span class='ocrx_word' id='word_1_12' title='bbox 1454 965 1580 1032; x_wconf 86' lang='lat' dir='ltr'><strong>harum</strong></span> <span class='ocrx_word' id='word_1_13' title='bbox 1614 974 1773 1034; x_wconf 54' lang='lat' dir='ltr'><strong>“norem</strong></span> <span class='ocrx_word' id='word_1_14' title='bbox 1808 969 2035 1037; x_wconf 73' lang='lat' dir='ltr'><strong>continentes</strong></span> 
     </span>
     <span class='ocr_line' id='line_1_3' title="bbox 517 1101 2033 1190; baseline 0.005 -21"><span class='ocrx_word' id='word_1_15' title='bbox 517 1103 585 1170; x_wconf 90' lang='lat' dir='ltr'><strong>sub</strong></span> <span class='ocrx_word' id='word_1_16' title='bbox 616 1112 734 1170; x_wconf 83' lang='lat' dir='ltr'><strong>uestro</strong></span> <span class='ocrx_word' id='word_1_17' title='bbox 764 1103 943 1172; x_wconf 89' lang='lat' dir='ltr'><strong>communi</strong></span> <span class='ocrx_word' id='word_1_18' title='bbox 971 1101 1093 1190; x_wconf 85' lang='lat' dir='ltr'><strong>sigillo</strong></span> <span class='ocrx_word' id='word_1_19' title='bbox 1122 1102 1292 1170; x_wconf 89' lang='lat' dir='ltr'><strong>distincte</strong></span> <span class='ocrx_word' id='word_1_20' title='bbox 1320 1113 1357 1170; x_wconf 88' lang='lat' dir='ltr'><strong>et</strong></span> <span class='ocrx_word' id='word_1_21' title='bbox 1386 1113 1508 1190; x_wconf 85' lang='lat' dir='ltr'><strong>aperte</strong></span> <span class='ocrx_word' id='word_1_22' title='bbox 1545 1103 1684 1172; x_wconf 87' lang='lat' dir='ltr'><strong>mittere</strong></span> <span class='ocrx_word' id='word_1_23' title='bbox 1719 1105 1837 1175; x_wconf 89' lang='lat' dir='ltr'><strong>velitis</strong></span> <span class='ocrx_word' id='word_1_24' title='bbox 1872 1107 2033 1190; x_wconf 88' lang='lat' dir='ltr'><strong>indilate,</strong></span> 
     </span>
     <span class='ocr_line' id='line_1_4' title="bbox 516 1238 2039 1331; baseline 0.006 -26"><span class='ocrx_word' id='word_1_25' title='bbox 516 1247 556 1304; x_wconf 86' lang='lat' dir='ltr'><strong>vt</strong></span> <span class='ocrx_word' id='word_1_26' title='bbox 595 1238 730 1306; x_wconf 87' lang='lat' dir='ltr'><strong>eisdem</strong></span> <span class='ocrx_word' id='word_1_27' title='bbox 776 1238 946 1325; x_wconf 88' lang='lat' dir='ltr'><strong>inspectis</strong></span> <span class='ocrx_word' id='word_1_28' title='bbox 990 1248 1027 1306; x_wconf 87' lang='lat' dir='ltr'><strong>et</strong></span> <span class='ocrx_word' id='word_1_29' title='bbox 1072 1239 1263 1308; x_wconf 79' lang='lat' dir='ltr'><strong>intellectis</strong></span> <span class='ocrx_word' id='word_1_30' title='bbox 1301 1240 1449 1308; x_wconf 78' lang='lat' dir='ltr'><strong>ulterius</strong></span> <span class='ocrx_word' id='word_1_31' title='bbox 1499 1241 1537 1309; x_wconf 92' lang='lat' dir='ltr'><strong>in</strong></span> <span class='ocrx_word' id='word_1_32' title='bbox 1587 1243 1684 1310; x_wconf 91' lang='lat' dir='ltr'><strong>dicto</strong></span> <span class='ocrx_word' id='word_1_33' title='bbox 1734 1244 1868 1331; x_wconf 88' lang='lat' dir='ltr'><strong>placito</strong></span> <span class='ocrx_word' id='word_1_34' title='bbox 1917 1244 2039 1314; x_wconf 81' lang='lat' dir='ltr'><strong>facere</strong></span> 
     </span>
     <span class='ocr_line' id='line_1_5' title="bbox 517 1375 2038 1468; baseline 0.007 -26"><span class='ocrx_word' id='word_1_35' title='bbox 517 1375 694 1461; x_wconf 87' lang='lat' dir='ltr'><strong>possimus</strong></span> <span class='ocrx_word' id='word_1_36' title='bbox 738 1378 834 1462; x_wconf 91' lang='lat' dir='ltr'><strong>quod</strong></span> <span class='ocrx_word' id='word_1_37' title='bbox 877 1377 1070 1444; x_wconf 89' lang='lat' dir='ltr'><strong>secundum</strong></span> <span class='ocrx_word' id='word_1_38' title='bbox 1112 1378 1230 1464; x_wconf 89' lang='lat' dir='ltr'><strong>legem</strong></span> <span class='ocrx_word' id='word_1_39' title='bbox 1275 1377 1522 1446; x_wconf 77' lang='lat' dir='ltr'><strong>mercatoriam</strong></span> <span class='ocrx_word' id='word_1_40' title='bbox 1573 1378 1611 1446; x_wconf 91' lang='lat' dir='ltr'><strong>in</strong></span> <span class='ocrx_word' id='word_1_41' title='bbox 1659 1380 1728 1448; x_wconf 88' lang='lat' dir='ltr'><strong>hac</strong></span> <span class='ocrx_word' id='word_1_42' title='bbox 1777 1391 1878 1468; x_wconf 84' lang='lat' dir='ltr'><strong>perte</strong></span> <span class='ocrx_word' id='word_1_43' title='bbox 1929 1381 2038 1452; x_wconf 76' lang='lat' dir='ltr'><strong>merit</strong></span> 
     </span>
     <span class='ocr_line' id='line_1_6' title="bbox 517 1511 2036 1602; baseline 0.005 -23"><span class='ocrx_word' id='word_1_44' title='bbox 517 1511 729 1582; x_wconf 75' lang='lat' dir='ltr'><strong>ledendum.</strong></span> <span class='ocrx_word' id='word_1_45' title='bbox 772 1513 940 1581; x_wconf 78' lang='lat' dir='ltr'><strong>‘festibus</strong></span> <span class='ocrx_word' id='word_1_46' title='bbox 955 1513 1174 1598; x_wconf 86' lang='lat' dir='ltr'><strong>nobisipsis.</strong></span> <span class='ocrx_word' id='word_1_47' title='bbox 1218 1513 1436 1582; x_wconf 77' lang='lat' dir='ltr'><strong>Faciendum</strong></span> <span class='ocrx_word' id='word_1_48' title='bbox 1452 1516 1547 1602; x_wconf 84' lang='lat' dir='ltr'><strong>apud</strong></span> <span class='ocrx_word' id='word_1_49' title='bbox 1561 1515 1722 1584; x_wconf 74' lang='lat' dir='ltr'><strong>london.</strong></span> <span class='ocrx_word' id='word_1_50' title='bbox 1756 1518 2036 1586; x_wconf 87' lang='lat' dir='ltr'><strong>terciodecimo</strong></span> 
     </span>
     <span class='ocr_line' id='line_1_7' title="bbox 518 1649 2031 1741; baseline 0.004 -25"><span class='ocrx_word' id='word_1_51' title='bbox 518 1649 578 1716; x_wconf 88' lang='lat' dir='ltr'><strong>die</strong></span> <span class='ocrx_word' id='word_1_52' title='bbox 619 1651 777 1738; x_wconf 81' lang='lat' dir='ltr'><strong>Augusti</strong></span> <span class='ocrx_word' id='word_1_53' title='bbox 820 1651 929 1719; x_wconf 83' lang='lat' dir='ltr'><strong>Anno</strong></span> <span class='ocrx_word' id='word_1_54' title='bbox 970 1653 1017 1720; x_wconf 88' lang='lat' dir='ltr'><strong>ab</strong></span> <span class='ocrx_word' id='word_1_55' title='bbox 1055 1651 1305 1720; x_wconf 78' lang='lat' dir='ltr'><strong>incarnacione</strong></span> <span class='ocrx_word' id='word_1_56' title='bbox 1342 1652 1479 1720; x_wconf 89' lang='lat' dir='ltr'><strong>domiui</strong></span> <span class='ocrx_word' id='word_1_57' title='bbox 1511 1653 1700 1722; x_wconf 88' lang='lat' dir='ltr'><strong>millesimo</strong></span> <span class='ocrx_word' id='word_1_58' title='bbox 1743 1653 1799 1722; x_wconf 85' lang='lat' dir='ltr'><strong>cc⁰</strong></span> <span class='ocrx_word' id='word_1_59' title='bbox 1843 1656 2031 1741; x_wconf 50' lang='lat' dir='ltr'><strong>urnae.</strong></span> 
     </span>
     <span class='ocr_line' id='line_1_8' title="bbox 520 1787 2030 1878; baseline 0 -22"><span class='ocrx_word' id='word_1_60' title='bbox 520 1789 711 1876; x_wconf 85' lang='lat' dir='ltr'><strong>Regnique</strong></span> <span class='ocrx_word' id='word_1_61' title='bbox 746 1789 881 1858; x_wconf 89' lang='lat' dir='ltr'><strong>domiui</strong></span> <span class='ocrx_word' id='word_1_62' title='bbox 918 1788 1031 1857; x_wconf 87' lang='lat' dir='ltr'><strong>nostri</strong></span> <span class='ocrx_word' id='word_1_63' title='bbox 1058 1789 1205 1856; x_wconf 90' lang='lat' dir='ltr'><strong>Domini</strong></span> <span class='ocrx_word' id='word_1_64' title='bbox 1242 1787 1410 1856; x_wconf 87' lang='lat' dir='ltr'><strong>Edwardi</strong></span> <span class='ocrx_word' id='word_1_65' title='bbox 1448 1789 1597 1858; x_wconf 86' lang='lat' dir='ltr'><strong>illustris</strong></span> <span class='ocrx_word' id='word_1_66' title='bbox 1634 1789 1750 1878; x_wconf 88' lang='lat' dir='ltr'><strong>Regis</strong></span> <span class='ocrx_word' id='word_1_67' title='bbox 1787 1789 1921 1878; x_wconf 83' lang='lat' dir='ltr'><strong>Anglie</strong></span> <span class='ocrx_word' id='word_1_68' title='bbox 1960 1789 2030 1857; x_wconf 88' lang='lat' dir='ltr'><strong>liiii</strong></span> 
     </span>
     <span class='ocr_line' id='line_1_9' title="bbox 521 1924 950 2014; baseline -0.005 -20"><span class='ocrx_word' id='word_1_69' title='bbox 521 1926 638 2014; x_wconf 87' lang='lat' dir='ltr'><strong>Regis</strong></span> <span class='ocrx_word' id='word_1_70' title='bbox 663 1925 811 1994; x_wconf 89' lang='lat' dir='ltr'><strong>Henrici</strong></span> <span class='ocrx_word' id='word_1_71' title='bbox 842 1924 950 2012; x_wconf 67' lang='lat' dir='ltr'><strong>xiiijt</strong></span> 
     </span>
    </p>

    <p class='ocr_par' dir='ltr' id='par_1_3' title="bbox 292 2061 2037 2140">
     <span class='ocr_line' id='line_1_10' title="bbox 292 2061 2037 2140; baseline -0.005 -1"><span class='ocrx_word' id='word_1_72' title='bbox 292 2085 490 2140; x_wconf 72' lang='lat' dir='ltr'><strong>commas</strong></span> <span class='ocrx_word' id='word_1_73' title='bbox 651 2061 803 2132; x_wconf 88' lang='lat' dir='ltr'><strong>Dilectis</strong></span> <span class='ocrx_word' id='word_1_74' title='bbox 831 2063 957 2132; x_wconf 86' lang='lat' dir='ltr'><strong>amicis</strong></span> <span class='ocrx_word' id='word_1_75' title='bbox 987 2062 1062 2132; x_wconf 84' lang='lat' dir='ltr'><strong>suis</strong></span> <span class='ocrx_word' id='word_1_76' title='bbox 1092 2062 1223 2130; x_wconf 89' lang='lat' dir='ltr'><strong>Maiori</strong></span> <span class='ocrx_word' id='word_1_77' title='bbox 1251 2071 1288 2130; x_wconf 91' lang='lat' dir='ltr'><strong>et</strong></span> <span class='ocrx_word' id='word_1_78' title='bbox 1316 2062 1464 2132; x_wconf 88' lang='lat' dir='ltr'><strong>Ciuibus</strong></span> <span class='ocrx_word' id='word_1_79' title='bbox 1498 2061 1658 2132; x_wconf 88' lang='lat' dir='ltr'><strong>London.</strong></span> <span class='ocrx_word' id='word_1_80' title='bbox 1695 2063 1956 2132; x_wconf 79' lang='lat' dir='ltr'><strong>honestissimis</strong></span> <span class='ocrx_word' id='word_1_81' title='bbox 1995 2071 2037 2130; x_wconf 87' lang='lat' dir='ltr'><strong>et</strong></span> 
     </span>
    </p>

    <p class='ocr_par' dir='ltr' id='par_1_4' title="bbox 303 2151 2033 2287">
     <span class='ocr_line' id='line_1_11' title="bbox 303 2151 2033 2287; baseline -0.001 -19"><span class='ocrx_word' id='word_1_82' title='bbox 303 2151 486 2268; x_wconf 53' lang='lat' dir='ltr'><strong>iiiiii?</strong></span> <span class='ocrx_word' id='word_1_83' title='bbox 522 2201 680 2269; x_wconf 71' lang='lat' dir='ltr'><strong>stuseem</strong></span> <span class='ocrx_word' id='word_1_84' title='bbox 723 2199 890 2269; x_wconf 80' lang='lat' dir='ltr'><strong>ciuitatis</strong></span> <span class='ocrx_word' id='word_1_85' title='bbox 940 2199 1196 2270; x_wconf 82' lang='lat' dir='ltr'><strong>Communitsti</strong></span> <span class='ocrx_word' id='word_1_86' title='bbox 1249 2200 1451 2287; x_wconf 71' lang='lat' dir='ltr'><strong>prepositus</strong></span> <span class='ocrx_word' id='word_1_87' title='bbox 1494 2209 1530 2268; x_wconf 73' lang='lat' dir='ltr'><strong>et</strong></span> <span class='ocrx_word' id='word_1_88' title='bbox 1575 2199 1681 2268; x_wconf 73' lang='lat' dir='ltr'><strong>crues</strong></span> <span class='ocrx_word' id='word_1_89' title='bbox 1733 2199 1952 2268; x_wconf 71' lang='lat' dir='ltr'><strong>Parisienses</strong></span> <span class='ocrx_word' id='word_1_90' title='bbox 1995 2208 2033 2266; x_wconf 74' lang='lat' dir='ltr'><strong>et</strong></span> 
     </span>
    </p>

    <p class='ocr_par' dir='ltr' id='par_1_5' title="bbox 303 2289 2037 4287">
     <span class='ocr_line' id='line_1_12' title="bbox 303 2289 2036 2460; baseline -0.002 -53"><span class='ocrx_word' id='word_1_91' title='bbox 303 2289 449 2460; x_wconf 63' lang='grc' dir='ltr'><strong>1·οῇ</strong></span> <span class='ocrx_word' id='word_1_92' title='bbox 447 2353 486 2395; x_wconf 74' lang='lat'><strong>1³1</strong></span> <span class='ocrx_word' id='word_1_93' title='bbox 521 2339 679 2436; x_wconf 83' lang='lat' dir='ltr'><strong>eiusdem</strong></span> <span class='ocrx_word' id='word_1_94' title='bbox 723 2335 889 2404; x_wconf 87' lang='lat' dir='ltr'><strong>Ciuitatis</strong></span> <span class='ocrx_word' id='word_1_95' title='bbox 940 2335 1187 2406; x_wconf 76' lang='lat' dir='ltr'><strong>communitas</strong></span> <span class='ocrx_word' id='word_1_96' title='bbox 1242 2339 1405 2404; x_wconf 86' lang='lat' dir='ltr'><strong>salutem.</strong></span> <span class='ocrx_word' id='word_1_97' title='bbox 1478 2337 1633 2405; x_wconf 77' lang='lat' dir='ltr'><strong>Litteras</strong></span> <span class='ocrx_word' id='word_1_98' title='bbox 1681 2347 1819 2405; x_wconf 83' lang='lat' dir='ltr'><strong>vestras</strong></span> <span class='ocrx_word' id='word_1_99' title='bbox 1866 2345 2036 2424; x_wconf 83' lang='lat' dir='ltr'><strong>patentes</strong></span> 
     </span>
     <span class='ocr_line' id='line_1_13' title="bbox 519 2473 2024 2562; baseline -0.001 -19"><span class='ocrx_word' id='word_1_100' title='bbox 519 2478 660 2544; x_wconf 88' lang='lat' dir='ltr'><strong>clausas</strong></span> <span class='ocrx_word' id='word_1_101' title='bbox 701 2475 797 2562; x_wconf 89' lang='lat' dir='ltr'><strong>apud</strong></span> <span class='ocrx_word' id='word_1_102' title='bbox 842 2474 998 2541; x_wconf 76' lang='lat' dir='ltr'><strong>Parisios</strong></span> <span class='ocrx_word' id='word_1_103' title='bbox 1044 2473 1132 2560; x_wconf 79' lang='lat' dir='ltr'><strong>xxiij</strong></span> <span class='ocrx_word' id='word_1_104' title='bbox 1180 2475 1238 2542; x_wconf 88' lang='lat' dir='ltr'><strong>die</strong></span> <span class='ocrx_word' id='word_1_105' title='bbox 1287 2473 1456 2562; x_wconf 77' lang='lat' dir='ltr'><strong>Augusti,</strong></span> <span class='ocrx_word' id='word_1_106' title='bbox 1496 2475 1606 2543; x_wconf 88' lang='lat' dir='ltr'><strong>Anno</strong></span> <span class='ocrx_word' id='word_1_107' title='bbox 1645 2475 1781 2543; x_wconf 88' lang='lat' dir='ltr'><strong>domiui</strong></span> <span class='ocrx_word' id='word_1_108' title='bbox 1835 2474 2024 2542; x_wconf 87' lang='lat' dir='ltr'><strong>millesimo</strong></span> 
     </span>
     <span class='ocr_line' id='line_1_14' title="bbox 518 2609 2029 2700; baseline -0.003 -16"><span class='ocrx_word' id='word_1_109' title='bbox 518 2631 569 2684; x_wconf 83' lang='lat' dir='ltr'><strong>ce.</strong></span> <span class='ocrx_word' id='word_1_110' title='bbox 598 2611 773 2697; x_wconf 57' lang='grc' dir='ltr'><strong>Ιιιιῑιω]ιο</strong></span> <span class='ocrx_word' id='word_1_111' title='bbox 814 2609 1006 2700; x_wconf 86' lang='lat' dir='ltr'><strong>Reguique</strong></span> <span class='ocrx_word' id='word_1_112' title='bbox 1044 2609 1180 2678; x_wconf 91' lang='lat' dir='ltr'><strong>domini</strong></span> <span class='ocrx_word' id='word_1_113' title='bbox 1220 2610 1332 2678; x_wconf 86' lang='lat' dir='ltr'><strong>nostri</strong></span> <span class='ocrx_word' id='word_1_114' title='bbox 1368 2609 1504 2678; x_wconf 87' lang='lat' dir='ltr'><strong>domini</strong></span> <span class='ocrx_word' id='word_1_115' title='bbox 1539 2611 1696 2698; x_wconf 85' lang='lat' dir='ltr'><strong>Philippi</strong></span> <span class='ocrx_word' id='word_1_116' title='bbox 1732 2613 1880 2680; x_wconf 88' lang='lat' dir='ltr'><strong>illustris</strong></span> <span class='ocrx_word' id='word_1_117' title='bbox 1909 2611 2029 2698; x_wconf 84' lang='lat' dir='ltr'><strong>Regis</strong></span> 
     </span>
     <span class='ocr_line' id='line_1_15' title="bbox 517 2745 2032 2834; baseline -0.003 -16"><span class='ocrx_word' id='word_1_118' title='bbox 517 2749 662 2818; x_wconf 84' lang='lat' dir='ltr'><strong>ffrancie</strong></span> <span class='ocrx_word' id='word_1_119' title='bbox 691 2747 805 2834; x_wconf 47' lang='lat' dir='ltr'><strong>xviij*</strong></span> <span class='ocrx_word' id='word_1_120' title='bbox 842 2745 1038 2834; x_wconf 85' lang='lat' dir='ltr'><strong>recepimus</strong></span> <span class='ocrx_word' id='word_1_121' title='bbox 1072 2755 1234 2814; x_wconf 87' lang='lat' dir='ltr'><strong>tenorem</strong></span> <span class='ocrx_word' id='word_1_122' title='bbox 1271 2745 1335 2832; x_wconf 90' lang='lat' dir='ltr'><strong>qui</strong></span> <span class='ocrx_word' id='word_1_123' title='bbox 1373 2745 1531 2834; x_wconf 87' lang='lat' dir='ltr'><strong>sequitur</strong></span> <span class='ocrx_word' id='word_1_124' title='bbox 1570 2746 1616 2815; x_wconf 91' lang='lat' dir='ltr'><strong>de</strong></span> <span class='ocrx_word' id='word_1_125' title='bbox 1653 2748 1761 2816; x_wconf 81' lang='lat' dir='ltr'><strong>verbo</strong></span> <span class='ocrx_word' id='word_1_126' title='bbox 1799 2748 1846 2815; x_wconf 85' lang='lat' dir='ltr'><strong>ad</strong></span> <span class='ocrx_word' id='word_1_127' title='bbox 1882 2748 2032 2814; x_wconf 86' lang='lat' dir='ltr'><strong>verbum</strong></span> 
     </span>
     <span class='ocr_line' id='line_1_16' title="bbox 517 2891 2037 2972; baseline -0.001 -10"><span class='ocrx_word' id='word_1_128' title='bbox 517 2894 608 2962; x_wconf 90' lang='lat' dir='ltr'><strong>sicut</strong></span> <span class='ocrx_word' id='word_1_129' title='bbox 651 2893 689 2960; x_wconf 93' lang='lat' dir='ltr'><strong>in</strong></span> <span class='ocrx_word' id='word_1_130' title='bbox 732 2891 861 2972; x_wconf 86' lang='lat' dir='ltr'><strong>littera,</strong></span> <span class='ocrx_word' id='word_1_131' title='bbox 902 2900 939 2958; x_wconf 92' lang='lat' dir='ltr'><strong>et</strong></span> <span class='ocrx_word' id='word_1_132' title='bbox 982 2899 1068 2959; x_wconf 91' lang='lat' dir='ltr'><strong>tunc</strong></span> <span class='ocrx_word' id='word_1_133' title='bbox 1114 2891 1166 2958; x_wconf 92' lang='lat' dir='ltr'><strong>sic</strong></span> <span class='ocrx_word' id='word_1_134' title='bbox 1179 2891 1403 2960; x_wconf 82' lang='lat' dir='ltr'><strong>=-Pretextu</strong></span> <span class='ocrx_word' id='word_1_135' title='bbox 1454 2891 1554 2960; x_wconf 86' lang='lat' dir='ltr'><strong>cuius</strong></span> <span class='ocrx_word' id='word_1_136' title='bbox 1604 2891 1765 2960; x_wconf 85' lang='lat' dir='ltr'><strong>mandati</strong></span> <span class='ocrx_word' id='word_1_137' title='bbox 1814 2891 1952 2960; x_wconf 81' lang='lat' dir='ltr'><strong>litteras</strong></span> <span class='ocrx_word' id='word_1_138' title='bbox 1995 2901 2037 2960; x_wconf 88' lang='lat' dir='ltr'><strong>et</strong></span> 
     </span>
     <span class='ocr_line' id='line_1_17' title="bbox 517 3035 2032 3124; baseline -0.003 -16"><span class='ocrx_word' id='word_1_139' title='bbox 517 3038 748 3108; x_wconf 76' lang='lat' dir='ltr'><strong>memorande</strong></span> <span class='ocrx_word' id='word_1_140' title='bbox 785 3045 909 3104; x_wconf 89' lang='lat' dir='ltr'><strong>nostra</strong></span> <span class='ocrx_word' id='word_1_141' title='bbox 947 3035 986 3104; x_wconf 92' lang='lat' dir='ltr'><strong>in</strong></span> <span class='ocrx_word' id='word_1_142' title='bbox 1026 3035 1159 3122; x_wconf 86' lang='lat' dir='ltr'><strong>placito</strong></span> <span class='ocrx_word' id='word_1_143' title='bbox 1204 3037 1242 3104; x_wconf 90' lang='lat' dir='ltr'><strong>in</strong></span> <span class='ocrx_word' id='word_1_144' title='bbox 1285 3035 1445 3124; x_wconf 86' lang='lat' dir='ltr'><strong>gildaula</strong></span> <span class='ocrx_word' id='word_1_145' title='bbox 1488 3045 1610 3104; x_wconf 88' lang='lat' dir='ltr'><strong>nostra</strong></span> <span class='ocrx_word' id='word_1_146' title='bbox 1653 3035 1843 3124; x_wconf 71' lang='lat' dir='ltr'><strong>diligenter</strong></span> <span class='ocrx_word' id='word_1_147' title='bbox 1883 3035 2032 3106; x_wconf 87' lang='lat' dir='ltr'><strong>scrutari</strong></span> 
     </span>
     <span class='ocr_line' id='line_1_18' title="bbox 516 3180 2034 3270; baseline -0.002 -17"><span class='ocrx_word' id='word_1_148' title='bbox 516 3185 673 3253; x_wconf 76' lang='lat' dir='ltr'><strong>iedmus.</strong></span> <span class='ocrx_word' id='word_1_149' title='bbox 728 3181 773 3250; x_wconf 92' lang='lat' dir='ltr'><strong>In</strong></span> <span class='ocrx_word' id='word_1_150' title='bbox 802 3183 932 3270; x_wconf 87' lang='lat' dir='ltr'><strong>quibus</strong></span> <span class='ocrx_word' id='word_1_151' title='bbox 960 3181 1014 3249; x_wconf 88' lang='lat' dir='ltr'><strong>ita</strong></span> <span class='ocrx_word' id='word_1_152' title='bbox 1050 3189 1107 3250; x_wconf 91' lang='lat' dir='ltr'><strong>est</strong></span> <span class='ocrx_word' id='word_1_153' title='bbox 1141 3191 1360 3269; x_wconf 75' lang='lat' dir='ltr'><strong>compernem</strong></span> <span class='ocrx_word' id='word_1_154' title='bbox 1388 3192 1493 3269; x_wconf 86' lang='lat' dir='ltr'><strong>prout</strong></span> <span class='ocrx_word' id='word_1_155' title='bbox 1529 3181 1568 3248; x_wconf 93' lang='lat' dir='ltr'><strong>in</strong></span> <span class='ocrx_word' id='word_1_156' title='bbox 1605 3183 1760 3270; x_wconf 83' lang='lat' dir='ltr'><strong>quadam</strong></span> <span class='ocrx_word' id='word_1_157' title='bbox 1789 3183 1915 3252; x_wconf 87' lang='lat' dir='ltr'><strong>cedula</strong></span> <span class='ocrx_word' id='word_1_158' title='bbox 1939 3180 2034 3250; x_wconf 85' lang='lat' dir='ltr'><strong>inira</strong></span> 
     </span>
     <span class='ocr_line' id='line_1_19' title="bbox 515 3327 2026 3416; baseline -0.001 -18"><span class='ocrx_word' id='word_1_159' title='bbox 515 3338 698 3416; x_wconf 87' lang='lat' dir='ltr'><strong>presentes</strong></span> <span class='ocrx_word' id='word_1_160' title='bbox 745 3329 884 3396; x_wconf 87' lang='lat' dir='ltr'><strong>inclusa</strong></span> <span class='ocrx_word' id='word_1_161' title='bbox 930 3327 977 3394; x_wconf 87' lang='lat' dir='ltr'><strong>de</strong></span> <span class='ocrx_word' id='word_1_162' title='bbox 1020 3328 1130 3394; x_wconf 85' lang='lat' dir='ltr'><strong>verbo</strong></span> <span class='ocrx_word' id='word_1_163' title='bbox 1173 3328 1220 3395; x_wconf 89' lang='lat' dir='ltr'><strong>ad</strong></span> <span class='ocrx_word' id='word_1_164' title='bbox 1258 3328 1404 3395; x_wconf 84' lang='lat' dir='ltr'><strong>verbum</strong></span> <span class='ocrx_word' id='word_1_165' title='bbox 1455 3327 1664 3397; x_wconf 71' lang='lat' dir='ltr'><strong>continetis.</strong></span> <span class='ocrx_word' id='word_1_166' title='bbox 1723 3329 1863 3398; x_wconf 87' lang='lat' dir='ltr'><strong>Plecita</strong></span> <span class='ocrx_word' id='word_1_167' title='bbox 1906 3347 2026 3396; x_wconf 87' lang='lat' dir='ltr'><strong>coram</strong></span> 
     </span>
     <span class='ocr_line' id='line_1_20' title="bbox 517 3469 2034 3554; baseline -0.002 -11"><span class='ocrx_word' id='word_1_168' title='bbox 517 3475 668 3554; x_wconf 88' lang='lat' dir='ltr'><strong>Maiore,</strong></span> <span class='ocrx_word' id='word_1_169' title='bbox 691 3473 960 3542; x_wconf 86' lang='lat' dir='ltr'><strong>vicecomitibus</strong></span> <span class='ocrx_word' id='word_1_170' title='bbox 987 3481 1024 3540; x_wconf 90' lang='lat' dir='ltr'><strong>et</strong></span> <span class='ocrx_word' id='word_1_171' title='bbox 1053 3471 1201 3540; x_wconf 90' lang='lat' dir='ltr'><strong>Ciuibus</strong></span> <span class='ocrx_word' id='word_1_172' title='bbox 1230 3469 1396 3540; x_wconf 88' lang='lat' dir='ltr'><strong>Ciuitatis</strong></span> <span class='ocrx_word' id='word_1_173' title='bbox 1425 3471 1585 3541; x_wconf 90' lang='lat' dir='ltr'><strong>London.</strong></span> <span class='ocrx_word' id='word_1_174' title='bbox 1615 3483 1652 3541; x_wconf 93' lang='lat' dir='ltr'><strong>et</strong></span> <span class='ocrx_word' id='word_1_175' title='bbox 1680 3475 1837 3542; x_wconf 70' lang='lat' dir='ltr'><strong>eiusde·</strong></span> <span class='ocrx_word' id='word_1_176' title='bbox 1866 3473 2034 3543; x_wconf 89' lang='lat' dir='ltr'><strong>Ciuitatis</strong></span> 
     </span>
     <span class='ocr_line' id='line_1_21' title="bbox 518 3616 2032 3705; baseline -0.003 -15"><span class='ocrx_word' id='word_1_177' title='bbox 518 3619 780 3690; x_wconf 88' lang='lat' dir='ltr'><strong>Communitate</strong></span> <span class='ocrx_word' id='word_1_178' title='bbox 808 3618 846 3686; x_wconf 91' lang='lat' dir='ltr'><strong>in</strong></span> <span class='ocrx_word' id='word_1_179' title='bbox 876 3616 1056 3705; x_wconf 84' lang='lat' dir='ltr'><strong>Gyldaula</strong></span> <span class='ocrx_word' id='word_1_180' title='bbox 1084 3617 1245 3684; x_wconf 90' lang='lat' dir='ltr'><strong>London.</strong></span> <span class='ocrx_word' id='word_1_181' title='bbox 1275 3616 1314 3682; x_wconf 92' lang='lat' dir='ltr'><strong>in</strong></span> <span class='ocrx_word' id='word_1_182' title='bbox 1353 3617 1506 3684; x_wconf 90' lang='lat' dir='ltr'><strong>termino</strong></span> <span class='ocrx_word' id='word_1_183' title='bbox 1541 3616 1665 3686; x_wconf 84' lang='lat' dir='ltr'><strong>Sancti</strong></span> <span class='ocrx_word' id='word_1_184' title='bbox 1699 3618 1897 3699; x_wconf 83' lang='lat' dir='ltr'><strong>Michaelis,</strong></span> <span class='ocrx_word' id='word_1_185' title='bbox 1923 3618 2032 3686; x_wconf 84' lang='lat' dir='ltr'><strong>Anno</strong></span> 
     </span>
     <span class='ocr_line' id='line_1_22' title="bbox 517 3760 2035 3850; baseline -0.003 -17"><span class='ocrx_word' id='word_1_186' title='bbox 517 3766 664 3833; x_wconf 88' lang='lat' dir='ltr'><strong>Domini</strong></span> <span class='ocrx_word' id='word_1_187' title='bbox 700 3764 892 3832; x_wconf 88' lang='lat' dir='ltr'><strong>Millesimo</strong></span> <span class='ocrx_word' id='word_1_188' title='bbox 931 3783 972 3831; x_wconf 93' lang='lat' dir='ltr'><strong>cc</strong></span> <span class='ocrx_word' id='word_1_189' title='bbox 1010 3763 1196 3849; x_wconf 63' lang='lat' dir='ltr'><strong>lnxxvje,</strong></span> <span class='ocrx_word' id='word_1_190' title='bbox 1242 3761 1413 3849; x_wconf 73' lang='lat' dir='ltr'><strong>regnique</strong></span> <span class='ocrx_word' id='word_1_191' title='bbox 1449 3760 1584 3850; x_wconf 85' lang='lat' dir='ltr'><strong>Regis.</strong></span> <span class='ocrx_word' id='word_1_192' title='bbox 1608 3763 1775 3830; x_wconf 87' lang='lat' dir='ltr'><strong>Edwardi</strong></span> <span class='ocrx_word' id='word_1_193' title='bbox 1810 3761 1876 3829; x_wconf 84' lang='lat' dir='ltr'><strong>filii</strong></span> <span class='ocrx_word' id='word_1_194' title='bbox 1916 3761 2035 3850; x_wconf 88' lang='lat' dir='ltr'><strong>Regis</strong></span> 
     </span>
     <span class='ocr_line' id='line_1_23' title="bbox 518 3906 2035 3994; baseline -0.003 -13"><span class='ocrx_word' id='word_1_195' title='bbox 518 3911 667 3980; x_wconf 89' lang='lat' dir='ltr'><strong>Henrici</strong></span> <span class='ocrx_word' id='word_1_196' title='bbox 690 3931 764 3991; x_wconf 70' lang='lat' dir='ltr'><strong>xv„</strong></span> <span class='ocrx_word' id='word_1_197' title='bbox 786 3911 992 3976; x_wconf 81' lang='lat' dir='ltr'><strong>Bernartius</strong></span> <span class='ocrx_word' id='word_1_198' title='bbox 1013 3908 1095 3977; x_wconf 90' lang='lat' dir='ltr'><strong>Ade</strong></span> <span class='ocrx_word' id='word_1_199' title='bbox 1121 3907 1336 3974; x_wconf 87' lang='lat' dir='ltr'><strong>attachiatus</strong></span> <span class='ocrx_word' id='word_1_200' title='bbox 1362 3906 1430 3973; x_wconf 82' lang='lat' dir='ltr'><strong>fuit</strong></span> <span class='ocrx_word' id='word_1_201' title='bbox 1455 3907 1493 3974; x_wconf 91' lang='lat' dir='ltr'><strong>in</strong></span> <span class='ocrx_word' id='word_1_202' title='bbox 1515 3907 1668 3975; x_wconf 90' lang='lat' dir='ltr'><strong>Ciuitate</strong></span> <span class='ocrx_word' id='word_1_203' title='bbox 1690 3907 1884 3976; x_wconf 87' lang='lat' dir='ltr'><strong>Parisiensi</strong></span> <span class='ocrx_word' id='word_1_204' title='bbox 1905 3909 1941 3994; x_wconf 89' lang='lat' dir='ltr'><strong>iij</strong></span> <span class='ocrx_word' id='word_1_205' title='bbox 1973 3909 2035 3976; x_wconf 89' lang='lat' dir='ltr'><strong>die</strong></span> 
     </span>
     <span class='ocr_line' id='line_1_24' title="bbox 518 4051 2030 4161; baseline -0.004 -35"><span class='ocrx_word' id='word_1_206' title='bbox 518 4055 684 4127; x_wconf 87' lang='lat' dir='ltr'><strong>Octobris</strong></span> <span class='ocrx_word' id='word_1_207' title='bbox 712 4056 758 4122; x_wconf 88' lang='lat' dir='ltr'><strong>ad</strong></span> <span class='ocrx_word' id='word_1_208' title='bbox 787 4053 1070 4139; x_wconf 89' lang='lat' dir='ltr'><strong>respondendum</strong></span> <span class='ocrx_word' id='word_1_209' title='bbox 1093 4052 1175 4118; x_wconf 89' lang='lat' dir='ltr'><strong>Ade</strong></span> <span class='ocrx_word' id='word_1_210' title='bbox 1203 4051 1377 4118; x_wconf 87' lang='lat' dir='ltr'><strong>Bernardi</strong></span> <span class='ocrx_word' id='word_1_211' title='bbox 1407 4052 1453 4119; x_wconf 93' lang='lat' dir='ltr'><strong>de</strong></span> <span class='ocrx_word' id='word_1_212' title='bbox 1482 4051 1616 4161; x_wconf 81' lang='lat' dir='ltr'><strong>placito</strong></span> <span class='ocrx_word' id='word_1_213' title='bbox 1641 4052 1737 4138; x_wconf 89' lang='lat' dir='ltr'><strong>quod</strong></span> <span class='ocrx_word' id='word_1_214' title='bbox 1766 4054 1892 4121; x_wconf 85' lang='lat' dir='ltr'><strong>reddat</strong></span> <span class='ocrx_word' id='word_1_215' title='bbox 1920 4052 1956 4119; x_wconf 90' lang='lat' dir='ltr'><strong>ei</strong></span> <span class='ocrx_word' id='word_1_216' title='bbox 1979 4053 2030 4120; x_wconf 87' lang='lat' dir='ltr'><strong>xl.</strong></span> 
     </span>
     <span class='ocr_line' id='line_1_25' title="bbox 517 4195 2034 4287; baseline -0.011 -13"><span class='ocrx_word' id='word_1_217' title='bbox 517 4206 637 4274; x_wconf 90' lang='lat' dir='ltr'><strong>libras.</strong></span> <span class='ocrx_word' id='word_1_218' title='bbox 692 4202 741 4271; x_wconf 89' lang='lat' dir='ltr'><strong>Et</strong></span> <span class='ocrx_word' id='word_1_219' title='bbox 774 4201 868 4267; x_wconf 89' lang='lat' dir='ltr'><strong>vnde</strong></span> <span class='ocrx_word' id='word_1_220' title='bbox 896 4199 1056 4287; x_wconf 88' lang='lat' dir='ltr'><strong>queritur</strong></span> <span class='ocrx_word' id='word_1_221' title='bbox 1085 4196 1181 4285; x_wconf 91' lang='lat' dir='ltr'><strong>quod</strong></span> <span class='ocrx_word' id='word_1_222' title='bbox 1211 4195 1305 4264; x_wconf 90' lang='lat' dir='ltr'><strong>idem</strong></span> <span class='ocrx_word' id='word_1_223' title='bbox 1334 4195 1538 4262; x_wconf 87' lang='lat' dir='ltr'><strong>Bernardus</strong></span> <span class='ocrx_word' id='word_1_224' title='bbox 1567 4195 1601 4263; x_wconf 92' lang='lat' dir='ltr'><strong>ei</strong></span> <span class='ocrx_word' id='word_1_225' title='bbox 1629 4197 1679 4263; x_wconf 82' lang='lat' dir='ltr'><strong>xl.</strong></span> <span class='ocrx_word' id='word_1_226' title='bbox 1703 4196 1813 4264; x_wconf 89' lang='lat' dir='ltr'><strong>libras</strong></span> <span class='ocrx_word' id='word_1_227' title='bbox 1852 4195 1958 4261; x_wconf 89' lang='lat' dir='ltr'><strong>debet</strong></span> <span class='ocrx_word' id='word_1_228' title='bbox 1993 4201 2034 4258; x_wconf 90' lang='lat' dir='ltr'><strong>et</strong></span> 
     </span>
    </p>
   </div>
   <div class='ocr_carea' id='block_1_3' title="bbox 519 4339 2035 4431">
    <p class='ocr_par' dir='ltr' id='par_1_6' title="bbox 519 4339 2035 4431">
     <span class='ocr_line' id='line_1_26' title="bbox 519 4339 2035 4431; baseline -0.009 -14"><span class='ocrx_word' id='word_1_229' title='bbox 519 4349 649 4416; x_wconf 90' lang='lat' dir='ltr'><strong>iniuste</strong></span> <span class='ocrx_word' id='word_1_230' title='bbox 676 4348 821 4426; x_wconf 82' lang='lat' dir='ltr'><strong>detinet.</strong></span> <span class='ocrx_word' id='word_1_231' title='bbox 850 4365 916 4431; x_wconf 89' lang='lat' dir='ltr'><strong>pro</strong></span> <span class='ocrx_word' id='word_1_232' title='bbox 946 4363 990 4411; x_wconf 91' lang='lat' dir='ltr'><strong>eo</strong></span> <span class='ocrx_word' id='word_1_233' title='bbox 1022 4344 1116 4428; x_wconf 89' lang='lat' dir='ltr'><strong>quod</strong></span> <span class='ocrx_word' id='word_1_234' title='bbox 1151 4361 1232 4409; x_wconf 90' lang='lat' dir='ltr'><strong>cum</strong></span> <span class='ocrx_word' id='word_1_235' title='bbox 1268 4339 1362 4408; x_wconf 91' lang='lat' dir='ltr'><strong>idem</strong></span> <span class='ocrx_word' id='word_1_236' title='bbox 1397 4339 1517 4408; x_wconf 87' lang='lat' dir='ltr'><strong>Adam</strong></span> <span class='ocrx_word' id='word_1_237' title='bbox 1554 4339 1669 4408; x_wconf 86' lang='lat' dir='ltr'><strong>eidem</strong></span> <span class='ocrx_word' id='word_1_238' title='bbox 1701 4340 1884 4408; x_wconf 86' lang='lat' dir='ltr'><strong>Bernardo</strong></span> <span class='ocrx_word' id='word_1_239' title='bbox 1920 4357 2035 4424; x_wconf 87' lang='lat' dir='ltr'><strong>quen-</strong></span> 
     </span>
    </p>
   </div>
   <div class='ocr_carea' id='block_1_4' title="bbox 518 4475 2034 4580">
    <p class='ocr_par' dir='ltr' id='par_1_7' title="bbox 518 4475 2034 4580">
     <span class='ocr_line' id='line_1_27' title="bbox 518 4475 2034 4580; baseline -0.009 -18"><span class='ocrx_word' id='word_1_240' title='bbox 518 4497 601 4562; x_wconf 89' lang='lat' dir='ltr'><strong>dam</strong></span> <span class='ocrx_word' id='word_1_241' title='bbox 639 4514 754 4580; x_wconf 85' lang='lat' dir='ltr'><strong>equm,</strong></span> <span class='ocrx_word' id='word_1_242' title='bbox 785 4501 864 4572; x_wconf 81' lang='lat' dir='ltr'><strong>etc,</strong></span> <span class='ocrx_word' id='word_1_243' title='bbox 894 4499 930 4558; x_wconf 90' lang='lat' dir='ltr'><strong>et</strong></span> <span class='ocrx_word' id='word_1_244' title='bbox 970 4489 1021 4557; x_wconf 89' lang='lat' dir='ltr'><strong>sic</strong></span> <span class='ocrx_word' id='word_1_245' title='bbox 1055 4489 1102 4554; x_wconf 92' lang='lat' dir='ltr'><strong>de</strong></span> <span class='ocrx_word' id='word_1_246' title='bbox 1137 4488 1244 4555; x_wconf 89' lang='lat' dir='ltr'><strong>verbo</strong></span> <span class='ocrx_word' id='word_1_247' title='bbox 1282 4487 1329 4554; x_wconf 90' lang='lat' dir='ltr'><strong>ad</strong></span> <span class='ocrx_word' id='word_1_248' title='bbox 1357 4488 1503 4552; x_wconf 87' lang='lat' dir='ltr'><strong>verbum</strong></span> <span class='ocrx_word' id='word_1_249' title='bbox 1538 4483 1631 4552; x_wconf 90' lang='lat' dir='ltr'><strong>sicut</strong></span> <span class='ocrx_word' id='word_1_250' title='bbox 1666 4483 1704 4550; x_wconf 87' lang='lat' dir='ltr'><strong>iu</strong></span> <span class='ocrx_word' id='word_1_251' title='bbox 1732 4485 1859 4551; x_wconf 89' lang='lat' dir='ltr'><strong>rotulis</strong></span> <span class='ocrx_word' id='word_1_252' title='bbox 1891 4475 2034 4550; x_wconf 87' lang='lat' dir='ltr'><strong>illorum</strong></span> 
     </span>
    </p>
   </div>
   <div class='ocr_carea' id='block_1_5' title="bbox 517 4627 2034 5012">
    <p class='ocr_par' dir='ltr' id='par_1_8' title="bbox 517 4627 2034 5012">
     <span class='ocr_line' id='line_1_28' title="bbox 518 4627 2032 4719; baseline -0.01 -12"><span class='ocrx_word' id='word_1_253' title='bbox 518 4639 659 4709; x_wconf 90' lang='lat' dir='ltr'><strong>Ciuium</strong></span> <span class='ocrx_word' id='word_1_254' title='bbox 687 4656 751 4705; x_wconf 89' lang='lat' dir='ltr'><strong>seu</strong></span> <span class='ocrx_word' id='word_1_255' title='bbox 779 4645 1012 4704; x_wconf 84' lang='lat' dir='ltr'><strong>mercatorum</strong></span> <span class='ocrx_word' id='word_1_256' title='bbox 1047 4641 1264 4719; x_wconf 85' lang='lat' dir='ltr'><strong>compertum</strong></span> <span class='ocrx_word' id='word_1_257' title='bbox 1294 4629 1370 4712; x_wconf 74' lang='lat' dir='ltr'><strong>filit,</strong></span> <span class='ocrx_word' id='word_1_258' title='bbox 1393 4639 1430 4697; x_wconf 92' lang='lat' dir='ltr'><strong>et</strong></span> <span class='ocrx_word' id='word_1_259' title='bbox 1454 4631 1523 4696; x_wconf 89' lang='lat' dir='ltr'><strong>hoc</strong></span> <span class='ocrx_word' id='word_1_260' title='bbox 1543 4628 1646 4696; x_wconf 88' lang='lat' dir='ltr'><strong>vobis</strong></span> <span class='ocrx_word' id='word_1_261' title='bbox 1668 4639 1790 4697; x_wconf 85' lang='lat' dir='ltr'><strong>tenore</strong></span> <span class='ocrx_word' id='word_1_262' title='bbox 1811 4627 2032 4714; x_wconf 86' lang='lat' dir='ltr'><strong>presencium</strong></span> 
     </span>
     <span class='ocr_line' id='line_1_29' title="bbox 517 4771 2034 4872; baseline -0.01 -20"><span class='ocrx_word' id='word_1_263' title='bbox 517 4781 771 4872; x_wconf 84' lang='lat' dir='ltr'><strong>significemus.</strong></span> <span class='ocrx_word' id='word_1_264' title='bbox 815 4778 950 4847; x_wconf 89' lang='lat' dir='ltr'><strong>Datum</strong></span> <span class='ocrx_word' id='word_1_265' title='bbox 972 4777 1120 4844; x_wconf 90' lang='lat' dir='ltr'><strong>Parisiis</strong></span> <span class='ocrx_word' id='word_1_266' title='bbox 1142 4776 1232 4842; x_wconf 83' lang='lat' dir='ltr'><strong>xxix</strong></span> <span class='ocrx_word' id='word_1_267' title='bbox 1257 4774 1316 4842; x_wconf 90' lang='lat' dir='ltr'><strong>die</strong></span> <span class='ocrx_word' id='word_1_268' title='bbox 1345 4773 1503 4860; x_wconf 88' lang='lat' dir='ltr'><strong>Augusti</strong></span> <span class='ocrx_word' id='word_1_269' title='bbox 1526 4774 1635 4841; x_wconf 90' lang='lat' dir='ltr'><strong>Anno</strong></span> <span class='ocrx_word' id='word_1_270' title='bbox 1661 4771 1809 4840; x_wconf 89' lang='lat' dir='ltr'><strong>Domini</strong></span> <span class='ocrx_word' id='word_1_271' title='bbox 1837 4771 2034 4838; x_wconf 88' lang='lat' dir='ltr'><strong>Miliesimo</strong></span> 
     </span>
     <span class='ocr_line' id='line_1_30' title="bbox 517 4917 2032 5012; baseline -0.009 -14"><span class='ocrx_word' id='word_1_272' title='bbox 517 4949 557 4998; x_wconf 90' lang='lat' dir='ltr'><strong>cc</strong></span> <span class='ocrx_word' id='word_1_273' title='bbox 596 4926 770 5012; x_wconf 56' lang='lat' dir='ltr'><strong>umet</strong></span> <span class='ocrx_word' id='word_1_274' title='bbox 809 4923 981 5012; x_wconf 86' lang='lat' dir='ltr'><strong>regnique</strong></span> <span class='ocrx_word' id='word_1_275' title='bbox 1020 4922 1156 4989; x_wconf 88' lang='lat' dir='ltr'><strong>domini</strong></span> <span class='ocrx_word' id='word_1_276' title='bbox 1195 4919 1307 4988; x_wconf 87' lang='lat' dir='ltr'><strong>nostri</strong></span> <span class='ocrx_word' id='word_1_277' title='bbox 1346 4919 1505 5007; x_wconf 80' lang='lat' dir='ltr'><strong>Plulippi</strong></span> <span class='ocrx_word' id='word_1_278' title='bbox 1547 4919 1663 5008; x_wconf 84' lang='lat' dir='ltr'><strong>Regis</strong></span> <span class='ocrx_word' id='word_1_279' title='bbox 1698 4917 1844 4986; x_wconf 86' lang='lat' dir='ltr'><strong>ffrancie</strong></span> <span class='ocrx_word' id='word_1_280' title='bbox 1880 4917 2032 4985; x_wconf 85' lang='lat' dir='ltr'><strong>illustris</strong></span> 
     </span>
    </p>
   </div>
   <div class='ocr_carea' id='block_1_6' title="bbox 520 5072 636 5160">
    <p class='ocr_par' dir='ltr' id='par_1_9' title="bbox 520 5072 636 5160">
     <span class='ocr_line' id='line_1_31' title="bbox 520 5072 636 5160; baseline -0.009 -19"><span class='ocrx_word' id='word_1_281' title='bbox 520 5072 636 5160; x_wconf 60' lang='lat' dir='ltr'><strong>xvtrjt</strong></span> 
     </span>
    </p>
   </div>
   <div class='ocr_carea' id='block_1_7' title="bbox 0 0 2652 6592">
    <p class='ocr_par' dir='ltr' id='par_1_10' title="bbox 0 0 2652 6592">
     <span class='ocr_line' id='line_1_32' title="bbox 0 0 2652 6592; baseline 0 0"><span class='ocrx_word' id='word_1_282' title='bbox 0 0 2652 6592; x_wconf 95' lang='lat' dir='ltr'><strong> </strong></span> 
     </span>
    </p>
   </div>
  </div>
 </body>
</html>
