5224 6596
601 833 671 890 212
937 811 1034 903 ube
1058 809 1199 902 tutte
1224 809 1323 900 lieu
1347 807 1476 900 Book
1501 807 1552 898 οῐ
1582 805 1771 898 sustu

596 1025 708 1112 sbope
757 1025 925 1112 predicte,
977 1045 1125 1114 quarum
1176 1025 1334 1092 redditus
1378 1023 1424 1090 ad
1466 1021 1623 1109 quinque
1665 1039 1804 1090 marcas
1854 1023 2104 1112 sterlingorum

597 1161 781 1228 annuatim
810 1181 850 1228 se
878 1163 1083 1245 extendant,
1123 1161 1291 1244 existunt,
1331 1171 1372 1228 vt
1408 1161 1633 1248 premittitur,
1674 1159 1858 1247 assignate
1894 1162 2105 1230 auctoritate

597 1309 719 1366 nostra
757 1298 953 1386 pontificali
991 1299 1153 1368 ordinare
1196 1317 1397 1366 curaremus
1433 1307 1554 1366 nostre
1593 1297 1814 1366 ordinacioni
1853 1307 1891 1366 et
1929 1299 2104 1368 voluntati

597 1455 704 1523 super
730 1435 933 1525 hujusmodi
961 1435 1129 1506 canteriis
1157 1435 1364 1504 ordinandis
1389 1455 1428 1503 se
1453 1435 1493 1502 in
1514 1435 1681 1504 omnibus
1709 1433 1967 1504 submittentes
2025 1435 2103 1504 Nos

597 1573 708 1662 igitur
756 1575 854 1662 piam
898 1587 934 1643 et
976 1575 1192 1644 laudabilem
1235 1571 1363 1661 prefati
1403 1571 1560 1642 defuncti
1601 1573 1821 1640 voluntatem
1861 1591 1904 1640 ac
1947 1572 2103 1659 ipsorum

596 1719 822 1778 executurum
851 1711 1059 1800 diligentem
1094 1711 1306 1779 instanciam
1342 1711 1381 1777 in
1417 1711 1486 1777 bac
1521 1719 1624 1795 parte
1658 1709 1849 1796 plurimum
1881 1709 1921 1778 in
1948 1709 2103 1778 Domino

597 1848 895 1929 commendantes,
936 1868 980 1917 ac
1023 1849 1143 1918 solerti
1186 1848 1445 1918 deliberacione
1488 1868 1595 1936 super
1635 1847 1707 1916 hiis
1749 1847 1937 1934 prehabite
1979 1848 2103 1916 intime

597 1984 863 2054 considerantes
890 1987 986 2073 quod
1014 1987 1188 2074 premissa
1224 2006 1297 2054 non
1333 1987 1449 2054 solum
1485 1985 1523 2052 in
1560 1987 1676 2054 cuiuis
1712 1985 1827 2054 diuini
1862 1993 2103 2073 augmentum,

599 2131 653 2188 set
681 2123 806 2190 eodem
835 2122 872 2188 in
899 2123 1096 2192 animarum
1126 2125 1277 2193 sautem
1302 2126 1447 2193 tendere
1468 2123 1710 2211 multipliciter
1730 2125 1962 2194 dmoscunutr
1980 2123 2102 2210 buius-

597 2258 694 2326 modi
729 2257 959 2352 cantaria[m]
992 2262 1174 2330 voluntate
1209 2273 1246 2329 et
1278 2281 1454 2330 concensu
1490 2261 1638 2349 Maioris
1674 2261 1768 2329 dicte
1802 2261 1887 2330 ville
1922 2261 2104 2330 Bristollia

598 2396 756 2482 ejusdem
787 2399 945 2466 cantarie
973 2400 1126 2486 patroni,
1156 2410 1193 2467 et
1230 2401 1379 2468 aliorum
1420 2417 1569 2486 quorum
1605 2397 1753 2467 interest
1788 2399 2103 2468 intentenientibus

598 2527 793 2614 ceterisque
842 2531 1132 2600 concurrentibus
1181 2553 1251 2618 que
1302 2534 1347 2601 de
1394 2533 1474 2620 jure
1524 2533 1750 2620 requiruntur
1798 2533 1836 2600 in
1886 2534 1955 2602 bac
2001 2541 2104 2622 parte

596 2662 806 2730 aumoritate
845 2663 1004 2751 predicta
1041 2669 1266 2734 statuendam
1303 2666 1481 2749 dminus,
1518 2677 1556 2735 et
1591 2666 1705 2736 eciam
1748 2667 1993 2736 ordinandam·
2058 2669 2102 2740 lu

596 2799 732 2886 primis
760 2802 950 2870 stetimus
977 2813 1015 2872 et
1043 2805 1287 2874 ordinauimus
1314 2808 1411 2892 quod
1439 2806 1642 2893 hujusmodi
1670 2805 1830 2875 cantaria
1858 2806 1906 2874 sit
1933 2817 2104 2894 perpetuu

595 2946 633 3004 et
669 2937 763 3024 quod
802 2947 872 3006 stet
912 2939 950 3006 in
993 2941 1090 3008 dicta
1139 2943 1279 3028 capella
1321 2942 1419 3010 beati
1457 2943 1594 3010 Home
1630 2943 1676 3010 ad
1713 2944 1826 3012 altare
1875 2963 1940 3030 per
1988 2943 2103 3011 dictos

594 3081 800 3141 executores
824 3074 870 3141 de
899 3094 993 3144 nouo
1012 3087 1262 3161 constructum,
1291 3089 1329 3147 et
1357 3099 1422 3166 per
1449 3098 1515 3147 nos
1537 3079 1576 3146 in
1601 3081 1735 3148 bonore
1761 3077 1894 3148 Sancte
1917 3077 2103 3147 Trinitatis

592 3220 630 3279 et
657 3209 930 3297 Assumpcionis
958 3213 1071 3282 Beate
1099 3215 1215 3284 Maris
1249 3216 1401 3304 virginis
1436 3216 1647 3285 dedicatum.
1704 3213 1904 3285 statuimus
1931 3217 2044 3284 eciam
2065 3225 2103 3285 et

592 3347 834 3416 ordinauimus
855 3352 951 3436 quod
972 3351 1091 3440 Major
1110 3353 1196 3422 ville
1217 3353 1399 3422 Bristollie
1420 3364 1458 3421 et
1481 3373 1701 3422 successores
1730 3351 1786 3420 sui
1814 3354 1876 3441 qui
1905 3355 1943 3422 in
1978 3355 2102 3422 eodan

593 3487 708 3557 officio
736 3491 935 3580 Majoratus
963 3511 1029 3578 pro
1058 3501 1216 3579 tempore
1241 3491 1371 3559 fixerint
1399 3494 1446 3559 ad
1476 3513 1567 3580 quos
1585 3493 1646 3579 jus
1674 3490 1904 3578 presentandi
1924 3494 2102 3582 ydoneum

593 3630 816 3715 capellanum
845 3631 892 3698 ad
926 3629 1077 3698 eandem
1116 3629 1312 3698 cantariam
1353 3630 1522 3718 quociens
1559 3641 1595 3698 et
1635 3631 1779 3718 quando
1820 3629 1936 3716 ipsam
1975 3649 2103 3698 vacare

593 3767 783 3854 contigerit
811 3787 856 3834 ex
893 3767 1119 3834 concessione
1159 3768 1332 3834 dictorum
1371 3777 1607 3848 executomm,
1637 3777 1836 3834 nostrorum
1875 3778 1913 3834 et
1952 3767 2101 3835 aliorum

366 3913 567 3965 monaco
594 3923 742 3992 quorum
771 3902 920 3972 interest
948 3923 1124 3972 concensu
1152 3905 1409 3972 intemeniente
1435 3903 1631 3972 dinoscitur
1653 3904 1839 3991 pertinere,
1860 3905 1905 3972 de
1926 3923 2102 3973 mnoensu

406 3987 530 4039 motus

423 4052 514 4094 tum

425 4315 443 4367 l.
455 4315 513 4383 85b.

594 4038 857 4108 communitatis
886 4039 979 4108 dicte
1007 4039 1092 4106 ville
1125 4039 1306 4108 Bristollia
1342 4040 1446 4108 nobis
1474 4050 1511 4107 et
1547 4041 1808 4108 successoribus
1843 4041 1975 4108 nostris
2010 4039 2103 4109 intra

593 4195 753 4244 mensem
781 4197 805 4243 a
833 4187 992 4263 tenpore
1019 4187 1104 4245 note
1124 4177 1325 4246 vacationis
1346 4179 1504 4265 ejusdem
1527 4177 1693 4246 Canterie
1714 4179 1890 4266 ydoneam
1912 4197 2099 4264 personam

593 4313 633 4379 in
675 4313 798 4382 ordine
842 4315 1053 4383 sacerdotali
1096 4317 1322 4384 constitutam
1367 4326 1581 4404 presentent,
1626 4316 1721 4402 quod
1765 4315 1795 4382 si
1835 4313 1927 4382 infra
1966 4315 2099 4383 dictum

594 4460 736 4536 tempus
774 4471 847 4519 non
891 4453 1173 4538 presentauerint
1214 4474 1262 4521 ne
1305 4455 1399 4523 dicte
1443 4455 1610 4524 Cantarie
1649 4452 1926 4522 celebracionem
1964 4451 2101 4521 diucius

595 4587 785 4676 contigerit
835 4589 1010 4676 impediri,
1054 4591 1120 4675 Jus
1170 4591 1373 4660 conferendi
1424 4593 1556 4660 dictam
1607 4592 1802 4660 canmriam
1852 4589 1900 4656 ad
1950 4607 2017 4656 nos
2066 4594 2104 4656 et

596 4743 815 4793 successores
858 4737 1000 4796 nostros
1039 4729 1181 4796 deuolui
1218 4729 1394 4796 voluimus
1438 4749 1482 4796 ea
1524 4729 1612 4797 vice.
1669 4726 1868 4796 Statuimus
1912 4725 2025 4794 οοίεω
2065 4733 2103 4792 et

596 4862 837 4930 ordinauimus
865 4866 961 4950 quod
989 4875 1180 4952 perpetuus
1208 4865 1423 4953 Capellanus
1452 4868 1545 4936 dicte
1574 4865 1739 4936 Cantarie
1768 4864 1830 4952 qui
1854 4883 1920 4950 pro
1939 4871 2100 4949 tempore

594 4997 700 5066 fuerit
727 4999 930 5069 continuam
963 5002 1194 5069 residenctam
1230 5003 1268 5069 in
1303 5003 1391 5069 villa
1426 5002 1610 5072 Bristollia
1643 5001 1752 5069 faciat
1789 4999 2023 5087 personalem,
2063 5006 2101 5066 et

1249 5173 1260 5204 ¹
1278 5175 1339 5226 MS.
1351 5174 1453 5242 primm.
