5224 6596
823 813 921 908 libe
946 809 1086 903 little
1108 808 1208 899 lieo
1232 809 1361 900 lloot
1386 806 1437 901 ot
1466 806 1653 901 anatot
1873 837 1876 844 v
1921 835 1995 914 209

486 1027 716 1098 diffinitatem
737 1027 891 1098 scribere
912 1044 985 1092 non
1006 1023 1198 1110 potuimus.
1254 1021 1303 1090 Et
1324 1021 1378 1090 sic
1399 1023 1606 1092 mandatum
1627 1033 1784 1092 vestrim
1806 1025 1997 1112 diligenter

486 1175 686 1238 reverenter
710 1186 832 1236 sumus
859 1163 1009 1234 executi.
1057 1161 1192 1229 Datum
1220 1158 1403 1228 Briatollie
1428 1166 1495 1226 etc.

706 1350 871 1420 Tharais
895 1371 918 1418 a
942 1347 1156 1418 translation
1185 1346 1227 1413 oi
1250 1346 1312 1414 the
1340 1345 1455 1413 above
1483 1343 1689 1434 (uomewhat
1711 1344 1935 1434 incompleta)
1958 1346 1997 1412 in

791 1487 965 1555 Barrett's
992 1483 1135 1572 Hr'story
1161 1481 1206 1569 os
1225 1479 1362 1549 Bn'rtol
1385 1502 1420 1568 p.
1451 1499 1527 1566 451,
1550 1482 1668 1550 where
1690 1483 1737 1550 he
1761 1483 1877 1572 prints
1896 1483 1999 1551 other

792 1624 1000 1692 documenta
1027 1620 1100 1687 and
1129 1619 1258 1687 details
1286 1618 1503 1708 concaming
1526 1619 1589 1688 the
1613 1617 1697 1688 Gild
1722 1620 1765 1688 oi
1781 1619 1997 1688 Kalendars.

794 1780 855 1846 1³1>-
885 1761 1043 1844 449·458·

704 1897 796 1966 Mias
837 1895 1004 1964 Toulmin
1040 1891 1159 1962 Smitb
1194 1891 1233 1958 in
1268 1890 1421 1959 Rz'carn
1455 1891 1637 1960 Kalendar
1679 1891 1810 1982 (edited
1844 1892 1900 1961 for
1935 1893 1997 1960 the
2049 1928 2054 1937 ,

794 2034 954 2102 Cemden
1001 2029 1155 2118 Society,
1206 2028 1312 2118 ιδῃ),
1366 2050 1403 2116 p.
1443 2051 1490 2112 v.,
1535 2031 1637 2119 gives
1682 2051 1729 2098 an
1772 2042 1924 2100 account
1962 2029 2005 2100 of

792 2173 855 2240 the
884 2170 979 2241 Gild.

707 2309 784 2377 The
833 2308 1024 2376 Reverend
1074 2305 1202 2393 Henry
1250 2304 1394 2392 Rogare
1444 2304 1633 2391 published
1672 2304 1710 2373 in
1758 2309 1842 2388 184⁶
1894 2311 1917 2346 “
1932 2303 2002 2374 vn

797 2443 980 2513 Calendars
999 2441 1041 2530 os
1062 2439 1320 2524 nil-Hellana,
1345 2440 1544 2530 Brysm,”
1567 2462 1590 2510 a
1615 2441 1714 2509 work
1736 2442 1849 2510 based
1873 2443 2002 2510 almost

794 2581 946 2668 entirely
974 2599 1022 2648 on
1052 2578 1289 2666 imagination
1318 2579 1391 2645 and
1420 2579 1579 2647 surmise.

322 2885 409 2952 cleb.
491 2869 669 2946 Mandata
705 2868 812 2969 from
862 2869 919 2944 the
972 2866 1121 2966 Official
1165 2866 1213 2966 <ff
1252 2867 1310 2942 the
1355 2865 1492 2967 Br‘shop
1532 2867 1579 2968 ‘ff
1619 2865 1807 2943 Worccster
1833 2867 1907 2968 for
1945 2869 2002 2944 the

598 3023 730 3097 redrcss
761 3020 809 3121 os
832 3019 1094 3121 irregularitas
1127 3021 1168 3094 r'n
1201 3017 1259 3093 the
1289 3018 1513 3116 Fraternity.
1590 3042 1630 3093 11
1662 3017 1754 3120 Sept.
1789 3039 1895 3113 1374.

289 3227 445 3344 mg}-
624 3217 795 3288 Officialis
816 3215 1076 3303 Wygornensia
1102 3215 1217 3282 Priori
1246 3214 1371 3286 Sancti
1397 3217 1524 3302 Jacobi
1552 3229 1590 3287 et
1614 3219 1728 3288 Priori
1753 3220 2002 3290 Fratemitatis
2033 3229 2223 3350 mmm

266 3357 469 3474 rfflss
493 3357 738 3426 Kalendarum
767 3352 959 3432 Bristollie,
986 3353 1137 3419 salutem
1165 3353 1204 3420 in
1233 3364 1376 3423 auctore
1404 3358 1541 3426 salutis.
1593 3355 1683 3425 Cum
1712 3359 1806 3426 bone
1834 3360 2002 3428 memorie
2097 3369 2158 3410 m

343 3495 395 3536 ωε·
492 3495 695 3565 willelmus
730 3509 843 3576 nuper
877 3489 1138 3576 wygornensis
1180 3488 1381 3577 Episcopus
1420 3490 1606 3560 ‘leffium
1642 3492 1734 3560 inter
1773 3493 1902 3562 mm
1938 3515 2003 3582 1²⁰²
2033 3425 2223 3604 ᾙιιῗ

493 3634 609 3720 ipsum
638 3636 903 3716 superatarum
932 3626 1059 3693 domus
1087 3637 1124 3694 et
1159 3625 1306 3694 fi'atrum
1342 3625 1588 3694 Kalendarum
1625 3627 1802 3696 antedicta
1839 3629 2003 3698 ordinata
2035 3618 2230 3670 mm·

493 3767 656 3838 stament
687 3775 723 3831 et
755 3761 971 3830 ordinauerit
999 3750 1225 3830 laudabiliter
1253 3765 1348 3850 quod
1376 3761 1464 3830 dicti
1493 3761 1620 3830 fratres
1649 3763 1755 3832 simul
1784 3763 1824 3832 in
1852 3766 2002 3834 ecclesia

494 3903 663 3973 Omnium
703 3899 916 3969 Sanctorum
953 3897 1048 3965 dicte
1086 3898 1172 3966 ville
1215 3899 1304 3967 hora
1347 3899 1561 3986 competenti
1604 3899 1794 3968 conuenire
1836 3903 2002 3986 debeant,

477 4052 601 4127 xatque
632 4037 755 4104 diuina
790 4033 905 4103 officia
932 4044 1055 4122 vtpote
1083 4037 1287 4120 meltinas,
1316 4036 1435 4118 horas,
1461 4038 1608 4106 missam
1629 4039 1675 4105 de
1696 4037 1813 4138 dieat
1834 4059 2001 4127 vesperae

492 4177 646 4245 inuicem
675 4176 852 4242 celebrare
880 4193 960 4241 cum
989 4185 1076 4242 nota
1103 4174 1142 4241 in
1170 4173 1360 4254 communi.
1390 4173 1555 4261 quodque
1591 4174 1709 4242 nullus
1745 4176 1840 4245 dicte
1875 4179 2003 4246 domus

493 4313 640 4382 frenum
682 4311 806 4378 villam
845 4309 1015 4392 Bristoll.,
1059 4313 1194 4398 absque
1237 4331 1346 4378 causa
1388 4310 1598 4380 racionabili
1644 4311 1760 4381 Priori
1802 4314 1890 4382 dicti
1933 4316 2003 4384 loci

493 4451 657 4538 primitus
683 4447 857 4535 exposita,
893 4447 1111 4536 licenciaque
1145 4448 1259 4534 petita
1291 4458 1328 4516 et
1365 4457 1512 4535 optenta
1549 4469 1573 4515 a
1612 4447 1706 4516 dicto
1744 4450 1860 4518 Priori
1897 4471 2004 4538 super

494 4587 651 4665 eadem¹;
685 4584 886 4652 audiuimus
911 4591 1031 4652 nmen
1053 4605 1076 4652 a
1097 4585 1277 4652 nonnullis
1298 4585 1394 4671 quod
1415 4583 1543 4652 fratres
1564 4584 1744 4667 antedicti,
1765 4586 1915 4654 licencia
1936 4607 2003 4654 nec

493 4727 607 4815 petita
634 4743 700 4792 nec
728 4731 886 4810 optenta,
915 4730 952 4788 et
981 4720 1172 4808 aliquando
1200 4741 1247 4788 ex
1269 4740 1378 4788 causa
1408 4720 1647 4808 ignominiosa
1676 4740 1715 4788 se
1744 4723 1936 4789 absentant
1963 4736 2000 4791 et

494 4863 586 4931 aliae
612 4859 786 4950 premissa
820 4878 894 4927 non
922 4860 1114 4926 obseruant
1141 4858 1234 4926 sicut
1262 4857 1300 4924 in
1325 4857 1483 4944 ipsorum
1513 4857 1740 4926 institucione
1767 4861 2002 4945 personaliter

490 4998 601 5086 jurati
649 4995 789 5064 fuemnt
837 4995 875 5062 in
926 4993 1083 5080 ipsorum
1133 4995 1332 5062 animantum
1381 4993 1575 5080 periculum
1626 5003 1734 5080 atque
1792 4997 2000 5063 scandalum

836 5163 1042 5218 maman
1170 5163 1665 5231 ·meenmeuugonnnauae.

1893 5273 1918 5326 e
