5294 6592
857 722 955 815 dbe
979 724 1118 815 little
1143 725 1241 815 lieo
1266 727 1396 818 ttoni
1421 727 1471 817 ot
1501 723 1689 863 mortui
1978 749 2024 826 75

513 937 736 1020 balliuorum,
765 940 823 1007 vel
852 940 972 1009 saltim
1002 959 1184 1028 quousque
1214 942 1259 1010 de
1288 961 1410 1010 eorum
1445 940 1595 1009 licencia
1629 937 1688 1006 vel
1733 937 1863 1006 iudicio
1902 939 2027 1006 eadem

513 1085 715 1145 tenemento
744 1097 807 1147 seu
834 1078 996 1167 hospicia
1024 1080 1180 1166 poterint
1207 1081 1390 1162 reintrare,
1421 1078 1518 1167 quod
1546 1077 1703 1146 mammo
1738 1074 2029 1142 inconuenienter

514 1221 551 1280 et
578 1223 703 1280 contra
730 1214 808 1282 iura
836 1215 939 1304 regni
967 1213 1073 1282 fuerit
1102 1217 1282 1298 usitatum,
1318 1235 1400 1284 cum
1429 1214 1622 1282 secundum
1656 1213 1774 1298 legem
1809 1219 1847 1278 et
1881 1230 2030 1280 oousue·

516 1349 676 1418 tudinem
712 1350 815 1438 regni
851 1361 888 1418 et
924 1352 1044 1420 saltim
1081 1354 1276 1421 secundum
1312 1354 1430 1440 legem
1466 1347 1712 1418 mercatoriam
1748 1367 1819 1434 que
1853 1347 1900 1415 de
1935 1356 2030 1414 terra

513 1507 578 1555 seu
606 1490 681 1555 sole
712 1490 846 1555 nullam
877 1488 1025 1556 omnino
1056 1490 1300 1576 cognicionem
1330 1489 1441 1557 habet
1467 1487 1575 1554 liceat
1611 1485 1699 1553 illud
1735 1485 1781 1553 de
1816 1505 1881 1552 suo
1917 1485 2029 1552 libero

512 1633 715 1692 tenemento
755 1626 833 1692 sine
869 1625 1000 1693 iudicio
1040 1627 1227 1694 dessaisire
1270 1628 1328 1694 vel
1365 1629 1411 1694 de
1454 1645 1520 1693 suo
1564 1623 1725 1710 hospicio
1768 1623 1920 1689 durante
1962 1637 2063 1688 suo.

512 1761 664 1830 termino
688 1763 800 1830 eicere
828 1763 899 1830 nisi
927 1762 1018 1830 forte
1047 1762 1118 1833 selo
1146 1766 1204 1832 vel
1233 1775 1273 1831 vt
1301 1764 1371 1832 fele
1406 1773 1571 1843 rectatus,
1601 1761 1803 1849 appellente
1828 1761 1886 1826 vel
1914 1757 2028 1825 indic·

513 1909 610 1968 tatus
640 1899 756 1969 fuerit.
814 1900 1027 1969 ordinatum
1056 1911 1093 1969 et
1122 1911 1295 1970 stamtum
1332 1913 1389 1970 est
1424 1902 1519 1988 quod
1555 1919 1623 1968 nec
1658 1896 1861 1965 huiusmodi
1893 1894 2030 1982 sigille-

513 2037 636 2106 tiones
662 2057 728 2106 uec
757 2039 981 2106 defensiones
1010 2041 1128 2107 locum
1151 2059 1292 2108 exnunc
1316 2041 1484 2119 habeant,
1510 2037 1597 2124 quin
1626 2035 1777 2124 quilibet
1806 2034 1896 2100 liber
1923 2033 2031 2098 homo

513 2176 625 2244 libere
660 2175 774 2262 possit
810 2174 950 2263 ingredi
978 2186 1016 2242 et
1044 2175 1141 2244 exire
1177 2177 1327 2244 liberum
1364 2183 1604 2244 tenementum
1640 2181 1678 2240 et
1701 2169 1899 2256 hospicium
1928 2185 2031 2234 suum

513 2331 579 2398 pro
611 2312 794 2378 voluntate
823 2331 890 2378 sua
917 2310 987 2378 nisi
1017 2321 1157 2380 tentum
1186 2313 1225 2379 in
1254 2333 1340 2382 casu
1368 2312 1499 2380 felonia
1534 2320 1574 2378 vt
1609 2307 1807 2397 predictum
1844 2314 1910 2372 eet.
1966 2299 2032 2371 Set

514 2466 579 2534 per
606 2449 675 2515 hoc
704 2467 777 2514 nox
805 2449 1005 2515 excluditur
1033 2450 1129 2534 quod
1158 2450 1257 2536 prius
1286 2449 1420 2517 dictum
1443 2457 1499 2516 est
1524 2446 1611 2534 quin
1635 2461 1760 2532 grosse
1788 2439 2032 2508 districciones

513 2592 553 2650 vt
595 2583 714 2651 fenum
743 2596 781 2652 et
809 2585 882 2652 alie
909 2585 1069 2673 predicta
1096 2587 1236 2672 possint
1264 2587 1408 2654 nomine
1436 2581 1672 2654 districcionis
1696 2581 1782 2667 poni
1808 2575 2028 2646 indefenso.

515 2717 563 2784 Et
612 2719 731 2804 quood
782 2731 965 2806 sequestra
1011 2724 1195 2792 sciendum
1247 2733 1302 2792 cst
1358 2724 1453 2810 quod
1505 2739 1686 2808 nunquam
1739 2717 1873 2805 apponi
1925 2717 2033 2783 debet

515 2861 734 2937 sequesmum
767 2871 831 2939 per
866 2856 1000 2925 curiam
1035 2859 1198 2926 laicalem
1229 2861 1293 2926 sed
1321 2859 1447 2926 balliui
1488 2857 1624 2925 faciunt
1661 2874 1801 2942 semper
1836 2853 1958 2921 saisire
1997 2860 2034 2919 et

517 2989 686 3056 ordinarii
714 2987 850 3104 faciunt
883 3001 1116 3080 sequestrare.

638 3250 724 3328 DE
779 3205 982 3331 carm
1028 3255 1196 3333 aocls
1242 3256 1356 3333 Pro
1407 3203 1911 3333 Drsrurccrosuavs

647 3425 691 3494 In
735 3430 833 3497 omni
869 3438 1024 3497 mercato
1061 3431 1108 3497 sit
1144 3451 1236 3498 unus
1271 3439 1388 3498 certus
1423 3432 1523 3497 locus
1563 3427 1656 3497 infra
1694 3429 1834 3495 bundas
1875 3425 2031 3506 mercati.

515 3561 711 3640 ciuitatum,
761 3563 938 3644 ferinum,
981 3573 1158 3651 portuum,
1211 3565 1375 3633 villarum
1429 3563 1715 3632 mercatoriamm
1760 3571 1796 3628 et
1839 3561 2032 3648 burgorum

514 3697 709 3780 edificatus,
742 3701 805 3786 qui
840 3701 940 3768 locus
975 3699 1029 3767 ita
1060 3710 1203 3788 tegatur
1241 3712 1279 3769 et
1321 3701 1637 3770 circumclaudatur
1665 3699 1762 3785 quod
1790 3697 2034 3765 districciones

514 3854 721 3922 quecunque
748 3835 878 3903 fuerint
905 3845 1010 3922 capte
1035 3837 1121 3923 poni
1149 3848 1186 3905 et
1221 3839 1392 3906 custodiri
1426 3841 1571 3905 valeant
1608 3837 1647 3903 in
1687 3835 1821 3903 eisdem
1857 3835 1959 3901 saluo
1995 3843 2033 3902 et

515 3972 649 4056 absque
687 3972 951 4059 periclitacione
993 3993 1059 4060 pro
1100 3974 1309 4062 intemperie
1348 3986 1385 4043 et
1425 3973 1622 4054 latrocinio,
1662 3982 1700 4040 et
1739 3972 1788 4038 sit
1831 3973 1930 4038 locus
1971 3973 2033 4039 ille

514 4105 614 4174 fortis
653 4116 690 4175 et
727 4109 888 4196 ydoneus
928 4121 964 4178 et
1005 4113 1110 4180 bonis
1152 4113 1264 4180 muris
1302 4111 1600 4192 circumuallams,
1630 4109 1692 4196 qui
1721 4109 1813 4176 muri
1841 4118 1945 4175 erunt
1981 4108 2033 4175 ita

513 4243 689 4330 penetrati
714 4255 927 4332 apparenter
947 4257 984 4316 et
1005 4247 1189 4318 fenestrati
1211 4251 1306 4336 quod
1326 4250 1477 4336 quilibet
1502 4247 1564 4335 qui
1588 4257 1644 4315 est
1668 4256 1772 4313 extre
1792 4244 1907 4332 possit
1929 4265 2030 4312 suam

514 4380 776 4450 districcionem
819 4384 949 4454 videre
1010 4383 1060 4454 Et
1104 4390 1201 4474 quod
1243 4387 1395 4474 quilibet
1438 4385 1689 4453 nichilominus
1732 4381 1848 4470 possit
1890 4381 2032 4468 ingredi

514 4519 658 4588 domum
687 4521 787 4589 illam
815 4524 874 4590 vel
901 4524 984 4592 illas
1013 4526 1060 4591 ad
1090 4527 1308 4612 pascendum
1338 4524 1584 4593 diamiociones
1608 4541 1692 4590 suas
1721 4522 1766 4588 de
1795 4539 1860 4588 suo
1889 4519 2032 4607 proprio

515 4665 551 4721 et
577 4657 667 4725 elias
690 4660 933 4730 disuiociones
955 4681 1021 4730 sua
1041 4663 1176 4746 iuuare,
1196 4673 1345 4746 vertere,
1369 4663 1557 4730 emendare
1581 4669 1618 4728 et
1643 4659 1800 4726 essaiare
1823 4677 1889 4744 pro
1907 4657 2033 4725 uolun-

515 4801 590 4860 tate
621 4813 698 4870 sua.
732 4795 791 4861 Ita
831 4817 971 4885 semper
1004 4801 1100 4886 quod
1142 4801 1213 4868 nisi
1250 4801 1312 4869 ille
1352 4799 1414 4888 qui
1454 4799 1506 4868 ita
1546 4798 1728 4866 districtus
1764 4795 1869 4863 fuerit
1896 4795 2032 4862 bestim

515 4947 599 4996 suas
626 4949 771 5017 pascere
799 4944 836 5001 et
865 4935 937 5001 alia
965 4935 1061 5002 bona
1089 4956 1156 5004 sua
1184 4937 1317 5006 ibidem
1345 4939 1492 5006 detema
1518 4945 1558 5004 vt
1586 4935 1721 5002 dictum
1757 4942 1813 5001 est
1848 4915 2024 4998 custodire

481 5117 484 5122 .
515 5066 675 5148 voluerit,
712 5079 798 5138 tunc
833 5071 942 5142 faciat
981 5074 1146 5144 dominus
1180 5075 1315 5144 bestius
1351 5076 1396 5144 de
1431 5095 1496 5145 suo
1525 5093 1671 5164 pascere
1699 5081 1736 5140 et
1763 5069 1855 5138 alias
1883 5066 2023 5135 distric-
