5224 6596
571 819 643 891 204
904 789 1002 882 Ebc
1026 789 1166 880 sinte
1190 789 1289 880 fleo
1313 788 1442 879 Book
1466 787 1517 878 of
1547 788 1734 882 arctet

568 1005 663 1076 facte
706 1004 934 1074 absolucione
970 1025 994 1072 e
1030 1005 1272 1072 sacerdotibus
1307 1013 1391 1090 post
1426 1001 1582 1072 defuncti
1618 1002 1933 1072 intumulacionem
1968 1023 2078 1070 unus·

568 1143 718 1230 quisque
761 1141 859 1210 licite
901 1141 1022 1208 redeat
1065 1141 1112 1207 ad
1154 1139 1309 1228 proprie
1368 1138 1505 1208 Eadem
1541 1139 1601 1208 die
1631 1139 1874 1228 unusquisque
1915 1139 2079 1241 sacerdos

569 1277 866 1348 confraternitatis
894 1277 1262 1358 Commendationem,
1293 1278 1446 1376 Placebo
1473 1287 1512 1346 et
1536 1277 1664 1366 Dirige
1693 1298 1759 1366 pro
1781 1277 1904 1346 anima
1925 1276 2080 1346 defuncti

569 1414 717 1502 incipiat
746 1424 782 1482 et
810 1413 906 1482 dicat
937 1412 1089 1501 singulis
1117 1413 1214 1480 feriis
1249 1423 1286 1482 et
1321 1411 1422 1482 festis
1457 1413 1564 1482 nium
1594 1413 1790 1482 lectionum
1826 1433 1892 1500 per
1932 1412 2081 1500 triginta

568 1517 657 1632 dies,
685 1558 723 1616 et
752 1550 790 1616 in
818 1547 918 1616 festis
946 1547 986 1616 ix
1013 1547 1209 1616 leccionum
1237 1559 1319 1636 post
1348 1551 1522 1618 secundas
1549 1569 1719 1638 vesperas
1748 1549 1819 1618 nisi
1849 1549 1888 1616 in
1925 1550 2079 1616 crastino

568 1687 697 1756 festum
720 1687 758 1754 ix
779 1686 975 1755 lectionum
1005 1687 1249 1774 subsequens,
1279 1707 1360 1756 cum
1389 1687 1428 1756 ix
1456 1689 1605 1776 psalmis
1634 1697 1671 1756 et
1692 1687 1729 1776 iij
1754 1686 1982 1767 leccionibus,
2011 1687 2082 1755 nisi

569 1829 794 1912 intempore
823 1802 984 1912 paschali
1013 1825 1051 1892 in
1080 1845 1151 1909 quo
1180 1845 1260 1894 cum
1289 1825 1404 1895 tribus
1434 1826 1585 1914 psalmis
1612 1835 1650 1894 et
1677 1827 1716 1915 iij
1754 1825 1971 1894 leccionibus
2007 1825 2077 1893 dici

569 1966 696 2044 solent,
711 1973 748 2029 et
765 1960 918 2048 singulis
938 1961 1064 2029 diebus
1085 1961 1296 2048 trigintariis
1318 1963 1364 2030 ad
1385 1963 1532 2031 missam
1552 1963 1739 2032 collectam
1758 1983 1868 2031 unam
1886 1961 2078 2047 specialem

454 2095 461 2106 '
569 2119 650 2167 cum
678 2097 907 2186 pertinenciis
934 2097 1031 2164 dicet
1058 2115 1124 2184 pro
1160 2095 1325 2166 defuncto
1361 2099 1431 2166 nisi
1466 2101 1599 2186 duplex
1634 2100 1764 2168 festum
1805 2097 2005 2186 impedierit
2043 2107 2081 2164 et

569 2236 665 2324 quod
694 2235 843 2302 dilamm
872 2232 977 2303 fuerit
1005 2234 1044 2302 in
1072 2235 1206 2322 duplici
1235 2245 1450 2304 restauretur
1478 2235 1516 2302 in
1545 2235 1710 2322 simplici.
1756 2233 1861 2322 Quod
1890 2235 1923 2300 si
1958 2233 2078 2322 plures

568 2371 661 2440 infra
688 2371 837 2460 triginta
865 2372 942 2440 dies
971 2371 1123 2440 obierint
1151 2393 1224 2441 vna
1248 2375 1398 2442 collecta
1421 2373 1560 2440 dicatur
1583 2394 1649 2460 pro
1673 2373 1839 2440 omnibus
1860 2372 1910 2441 et²
1934 2371 1967 2439 si
1988 2371 2080 2438 alius

568 2531 676 2598 quam
705 2509 869 2576 sacerdos
898 2507 1025 2576 obierit
1053 2527 1177 2577 omnes
1202 2509 1394 2579 confratres
1416 2513 1462 2578 ad
1483 2513 1653 2599 exequias
1673 2510 1831 2580 defuncti
1854 2509 2079 2590 conueniant,

569 2659 606 2716 et
652 2648 691 2716 in
740 2646 896 2715 crastino
944 2665 1072 2734 corpus
1111 2649 1356 2717 mmulendum
1396 2650 1588 2736 precedant
1631 2659 1667 2716 et
1712 2647 1760 2716 ad
1804 2648 1952 2716 missam
1996 2665 2081 2712 sues

570 2784 775 2853 oblaciones
795 2781 945 2858 faciantt
975 2782 1149 2849 ntmulatc
1168 2803 1251 2850 vero
1273 2785 1437 2854 defuncto
1458 2787 1627 2854 recedant
1647 2785 1774 2854 fratres
1795 2805 1867 2872 quo
1887 2782 2078 2859 voluerint;

569 2921 694 2988 diebus
733 2917 851 2987 clerici
887 2937 970 2986 vero
1006 2929 1044 2988 et
1078 2919 1161 2986 laici
1196 2919 1353 2991 habeant
1388 2925 1545 2992 enimam
1581 2923 1738 2991 defuncti
1772 2931 1847 2992 tam
1884 2919 2077 2990 sacerdotis

570 3076 677 3145 quam
706 3057 789 3124 laici
818 3055 856 3122 in
885 3055 1091 3123 memoriam
1120 3075 1184 3141 per
1211 3057 1360 3145 triginta
1386 3060 1465 3127 dies
1493 3080 1573 3128 curn
1595 3081 1645 3127 xv
1673 3059 1781 3126 Peter
1808 3057 1938 3126 Noster
1966 3067 2004 3124 et
2030 3075 2080 3122 xv

416 3249 421 3260 .
474 3247 481 3264 .
569 3194 651 3263 Aue
672 3193 799 3274 Maria,
822 3201 858 3261 et
879 3201 996 3278 preter
1016 3191 1083 3258 hec
1104 3193 1233 3260 cotidie
1253 3195 1316 3282 xiij
1341 3195 1448 3262 Pater
1469 3197 1600 3264 Noster
1621 3205 1658 3264 et
1679 3195 1741 3282 xiij
1771 3193 1853 3262 Aue
1876 3191 1994 3261 Maria
2016 3211 2082 3278 pro

530 3327 535 3336 ’
569 3331 662 3400 viuis
691 3341 727 3398 et
754 3329 930 3398 defunctis
958 3331 1003 3396 de
1031 3329 1319 3400 confraternitate
1355 3332 1488 3400 dicant.
1533 3329 1638 3420 Quod
1675 3331 1708 3400 si
1744 3329 1980 3418 personaliter
2014 3329 2082 3395 boc

569 3467 684 3538 facere
713 3486 785 3536 non
813 3466 968 3554 poterint
996 3468 1201 3554 perquirant
1229 3467 1326 3536 licite
1353 3470 1415 3557 qui
1443 3490 1509 3556 pro
1530 3489 1570 3538 se
1591 3488 1717 3558 preces
1739 3468 1854 3536 dictas
1874 3465 2081 3554 persoluent

569 3607 627 3674 uel
654 3623 719 3694 pro
747 3603 858 3672 fratre
884 3601 1048 3670 defuncto
1077 3624 1183 3671 unam
1212 3606 1358 3674 missam
1388 3615 1532 3674 cantare
1563 3606 1707 3673 faciant.
1763 3603 1806 3672 Si
1836 3604 1930 3672 inter
1957 3601 2083 3669 fratres

569 3743 628 3812 vel
663 3763 800 3812 sorores
836 3751 934 3810 mota
968 3740 1074 3810 fuerit
1116 3741 1292 3810 discordia
1327 3754 1364 3812 et
1398 3743 1468 3814 boc
1503 3746 1552 3815 ad
1585 3745 1739 3832 priorem
1781 3740 2081 3810 confraternitatis

570 3879 815 3948 Kalendanrm
843 3878 1043 3966 pervenerit
1072 3877 1118 3944 ed
1148 3879 1441 3948 conuocacicnem
1470 3880 1542 3950 diei
1574 3880 1709 3950 mensis
1744 3888 1866 3966 partes
1902 3877 2082 3946 discordes

571 4027 809 4088 conuccentur
850 4037 897 4086 ex
941 4015 1087 4084 arbitrio
1129 4015 1276 4084 fratrum
1319 4019 1499 4086 discordes
1541 4016 1631 4084 fient
1666 4015 1852 4084 unanimes
1888 4013 1921 4082 si
1955 4023 2084 4080 natura

572 4155 713 4243 negocii
749 4154 818 4221 hoc
848 4155 1023 4242 paciatur.
1083 4153 1150 4222 ille
1181 4175 1265 4222 vero
1302 4175 1367 4240 per
1401 4174 1506 4242 quem
1548 4154 1686 4222 steterit
1720 4152 1911 4240 quominus
1942 4169 2016 4238 pax
2046 4157 2084 4216 et

573 4291 716 4360 dilectio
748 4289 956 4359 reformetur
985 4291 1078 4358 inter
1105 4291 1231 4360 fratres
1267 4292 1445 4360 communi
1480 4291 1627 4359 fratrum
1664 4289 1810 4358 arbitrio
1847 4288 1880 4356 si
1915 4307 1955 4356 se
1991 4285 2083 4354 infra

572 4425 771 4515 proximem
793 4424 1087 4493 conuocacionem
1114 4425 1327 4494 admissam
1353 4429 1399 4496 de
1420 4449 1542 4497 mense
1567 4449 1639 4496 non
1662 4427 1859 4496 cohibuerit
1880 4435 1917 4494 et
1939 4423 2086 4493 arbitrio

573 4561 787 4632 confratrum
816 4581 855 4630 se
884 4581 957 4629 non
986 4561 1209 4629 inclinauerit
1245 4564 1370 4652 regula
1405 4563 1703 4654 confraternitatis
1738 4583 1762 4630 a
1797 4560 2084 4630 confraternitate
2136 4632 2137 4636 Ἴ

573 4721 612 4769 se
641 4709 767 4768 noscat
794 4695 1036 4790 abscis[s]um.
1081 4698 1123 4768 Si
1150 4699 1278 4787 aliquis
1308 4701 1353 4768 de
1382 4701 1615 4769 confratribus
1644 4701 1682 4769 in
1707 4703 1894 4786 langorem
1916 4696 2088 4766 deciderit

574 4847 611 4906 et
646 4837 784 4924 eguerit
807 4855 871 4924 per
905 4857 1014 4903 vnum
1051 4857 1184 4905 annum
1213 4838 1259 4904 de
1293 4837 1487 4907 elemosina
1521 4839 1736 4908 confratrum
1772 4846 1988 4906 sustentetur
2027 4835 2084 4902 vel

575 4996 640 5064 per
667 4975 838 5042 auxilium
867 4973 1026 5043 omnium
1055 4973 1268 5042 confratrum
1297 4975 1336 5040 in
1365 4975 1508 5061 aliquod
1544 4975 1722 5065 hospitale
1759 4973 2000 5042 umsferemr.
2044 4968 2087 5040 si

575 5113 656 5200 quis
685 5113 906 5181 sacerdotum
936 5115 982 5180 ad
1011 5112 1141 5180 misses
1170 5112 1258 5179 feria
1282 5115 1438 5180 secunda
1467 5115 1504 5180 in
1533 5114 1708 5202 principio
1736 5114 1925 5202 cujuslibet
1953 5109 2087 5180 mensis

1260 5247 1398 5302 ἱππ.
