5294 6592
855 793 953 886 ube
976 793 1115 884 little
1140 792 1238 884 lieo
1263 789 1392 884 tloot
1418 793 1468 884 ot
1498 793 1685 888 unstol
1975 819 2022 894 7³

495 1005 603 1074 'tuno
647 1006 780 1076 iaciant
813 1008 884 1094 ipsi
921 1009 1156 1077 incontinenti
1190 1009 1328 1096 aperire
1368 1029 1537 1090 semrom,
1562 1013 1739 1091 baneam,
1776 1009 1931 1078 hostium
1966 1011 2025 1079 vel

354 1142 426 1206 2²7·
517 1141 675 1228 sigillum
712 1152 749 1210 et
781 1142 846 1212 fiet
873 1145 1040 1214 excrucio
1069 1155 1106 1214 et
1134 1147 1302 1215 libencio
1338 1145 1471 1214 ibidem
1515 1146 1689 1214 bonorum
1728 1165 1794 1232 pro
1831 1145 1937 1214 bonis
1966 1147 2024 1214 vel

514 1281 686 1350 bonorum
711 1302 776 1367 pro
804 1281 960 1350 denariis
988 1283 1046 1350 vol
1079 1283 1302 1350 denariorum
1331 1303 1397 1370 pro
1425 1283 1540 1366 bonis,
1570 1293 1608 1350 et
1638 1283 1676 1349 in
1703 1283 1907 1351 huiusmodi
1938 1303 2025 1352 cusu

512 1435 653 1504 semper
690 1419 896 1487 obseruetur
930 1421 1027 1506 quod
1066 1419 1098 1486 si
1141 1421 1277 1488 denarii
1328 1421 1555 1488 inueniuntur
1601 1440 1674 1487 non
1724 1421 1937 1488 intromittet
1984 1437 2025 1488 se

511 1552 665 1621 balliuus
689 1554 736 1621 sd
760 1556 999 1640 appreciaoda
1028 1557 1086 1624 vel
1122 1557 1351 1624 deliberanda
1376 1559 1449 1624 elia
1473 1559 1570 1624 bona
1596 1557 1788 1624 dummodo
1810 1556 1946 1624 denarii
1968 1555 2022 1624 llll

511 1687 688 1758 sufficiant
727 1693 774 1758 ed
816 1693 1065 1762 execucionem
1097 1695 1256 1780 plenarie
1293 1694 1507 1774 laciendum,
1547 1693 1618 1762 nisi
1656 1695 1726 1762 hoc
1776 1696 1823 1763 dc
1869 1693 2020 1762 consilio

511 1827 696 1894 ambrum
725 1829 885 1912 parcium
910 1832 1105 1917 perueniat,
1131 1841 1167 1900 et
1189 1844 1343 1920 ponatur
1363 1851 1429 1919 per
1449 1833 1594 1900 vodium
1616 1841 1653 1899 et
1682 1831 1822 1918 plegios
1850 1829 1946 1918 quod
1974 1829 2023 1898 sit

511 1963 558 2031 td
580 1964 779 2048 proximem
803 1966 937 2034 curium
962 1969 1009 2036 ad
1031 1969 1315 2056 respondendum
1339 1979 1415 2038 tam
1435 1970 1581 2036 domino
1609 1969 1655 2035 ‹le
1680 1977 1886 2051 contemptu
1910 1985 2019 2054 quam

510 2103 605 2188 pani
629 2105 675 2172 de
699 2106 866 2191 dampnis
894 2127 964 2193 que
988 2107 1194 2176 sustinuerit
1221 2110 1267 2174 de
1295 2126 1389 2176 nouo
1419 2107 1605 2175 occasione
1635 2105 1731 2172 illius
1767 2103 2023 2190 impedimenti,

510 2239 544 2307 si
582 2259 706 2309 verme
748 2263 830 2310 eum
864 2243 948 2311 inde
985 2245 1151 2331 prosequi
1185 2246 1346 2314 voluerit.
1405 2245 1455 2312 Et
1488 2245 1520 2312 si
1554 2243 1639 2310 tulis
1667 2243 1783 2309 adhuc
1820 2261 1900 2308 cum
1936 2241 2024 2308 dicti

511 2386 705 2446 sectatores
728 2365 931 2450 huiusmodi
955 2382 1138 2448 clausuras
1166 2379 1330 2468 bangere
1358 2391 1395 2447 et
1422 2379 1559 2468 aperire
1592 2379 1705 2447 velint
1741 2377 1954 2445 manualiter
1983 2385 2022 2444 et

509 2516 738 2602 corporaliter
761 2518 904 2584 resismt
926 2527 966 2586 vt
988 2519 1105 2587 eundo
1129 2519 1188 2586 vel
1210 2517 1304 2586 fixus
1330 2519 1464 2586 scando
1490 2519 1582 2584 inter
1604 2515 1760 2584 hostium
1780 2534 1843 2582 seu
1867 2491 2028 2600 portum,¹

508 2661 601 2733 inter
636 2655 734 2739 ipsos
768 2664 805 2722 et
840 2656 995 2723 hostium
1032 2658 1090 2723 vel
1129 2657 1293 2743 pnckum,
1326 2658 1463 2724 leuentr
1496 2671 1601 2742 super
1635 2651 1711 2744 [eo]
1748 2653 1951 2720 buthesium
1982 2660 2021 2720 et

509 2789 732 2875 anschisum,
755 2801 792 2858 et
814 2789 878 2858 liat
900 2793 946 2858 de
970 2813 1014 2862 eo
1040 2795 1165 2862 eodem
1188 2794 1294 2861 modo
1317 2813 1388 2880 quo
1410 2793 1520 2878 prius.
1564 2791 1613 2858 Et
1638 2791 1706 2859 istc
1728 2809 1915 2876 processus
1938 2797 2022 2875 poet

507 2923 640 2993 iudicia
667 2926 806 2994 reddito
828 2947 968 3016 semper
998 2931 1205 2998 obseruetur
1239 2939 1315 2998 tam
1349 2949 1472 2997 versus
1503 2929 1702 3017 plegiatum
1732 2947 1812 2994 cum
1841 2927 2022 3016 plegietm

509 3062 620 3130 nicbss
654 3063 818 3132 babuerit
853 3086 961 3152 quem
993 3087 1118 3150 ¹versus
1142 3069 1339 3158 plegiatum
1354 3061 1446 3137 'cum
1470 3068 1559 3136 setis
1582 3065 1755 3136 hebuerit

573 3305 852 3398 QUOMODO
901 3308 1353 3388 DISTRICCIONES¹
1406 3309 1657 3388 DEBENT
1707 3306 1844 3384 CAPI
1887 3305 1976 3384 ET

1109 3461 1143 3538 C
1145 3461 1420 3540 OSTODIRI.

639 3605 729 3674 Cum
754 3607 834 3695 quis
860 3609 1084 3679 securitatem
1112 3613 1306 3698 prostiterit
1333 3616 1378 3680 de
1403 3611 1648 3698 prosequendo
1680 3627 1802 3676 versus
1831 3607 1951 3686 alium,
1981 3615 2019 3674 et

507 3755 712 3832 preceptum
749 3747 797 3814 sit
827 3747 945 3834 ipsum
975 3768 1042 3835 per
1075 3749 1219 3817 vadium
1255 3759 1292 3817 et
1329 3749 1470 3837 pleglos
1505 3748 1701 3815 ettocbinre
1733 3754 1771 3813 et
1806 3744 1884 3830 ipse
1927 3743 2017 3812 forte

507 3885 647 3972 plegios
678 3885 838 3954 inuenire
873 3887 1027 3956 noluerit
1060 3887 1119 3954 vel
1154 3906 1227 3953 non
1263 3885 1402 3972 poterit,
1438 3887 1503 3952 eed
1539 3885 1671 3952 babent
1709 3881 1800 3950 forte
1838 3882 1935 3950 bona
1977 3891 2015 3948 et

507 4024 639 4090 catalla
674 4042 834 4111 perque
870 4033 989 4111 potest
1027 4024 1216 4092 amechlnri
1250 4021 1462 4090 sufficienter
1497 4022 1589 4090 sicut
1623 4040 1690 4107 per
1730 4038 1851 4106 equos,
1895 4020 2016 4100 boues,

507 4178 594 4227 oues
615 4161 673 4226 vel
698 4159 789 4228 uliae
812 4180 1041 4250 quoscunque
1063 4161 1197 4230 bestias
1219 4181 1289 4248 que
1311 4153 1395 4228 sunt
1423 4179 1480 4227 res
1502 4159 1690 4226 ‹luctibiles
1726 4177 1790 4225 seu
1828 4157 2017 4244 litgnbilee,

507 4317 571 4364 seu
592 4297 665 4365 elie
688 4297 821 4365 catello
844 4297 977 4366 babent
1004 4317 1211 4384 quecunque
1230 4296 1361 4366 fixerint
1389 4317 1458 4384 que
1479 4305 1564 4364 sunt
1588 4295 1780 4382 portabilia
1801 4295 1848 4360 ed
1868 4313 2014 4363 manum

506 4443 544 4502 et
568 4436 712 4502 dorsum
739 4435 797 4502 vel
825 4433 964 4522 integre
992 4433 1186 4516 sanabilis,
1216 4433 1308 4501 sicin
1336 4451 1459 4500 saccos
1492 4434 1585 4514 lone,
1611 4429 1778 4498 fardellos
1806 4449 2017 4517 pannorum,

508 4571 703 4657 plumbum,
736 4589 854 4638 ceram
887 4579 925 4638 et
950 4572 1024 4638 ulie
1047 4573 1143 4640 bona
1171 4590 1379 4659 quecunque
1406 4569 1548 4650 fuerim,
1586 4567 1645 4636 Itu
1671 4577 1792 4634 tamen
1820 4568 1917 4654 quod
1944 4585 2019 4635 non

508 4706 742 4793 distringetur
773 4725 839 4794 per
871 4708 967 4775 bona
999 4719 1036 4775 et
1070 4709 1201 4778 eumilo
1240 4729 1378 4778 mmere
1414 4727 1477 4776 sue
1513 4706 1705 4775 dummodo
1733 4703 1910 4772 sufficiens
1945 4705 2019 4774 dis·

507 4843 630 4911 triccio
656 4843 798 4930 ,poterit
829 4854 932 4912 extre
968 4865 1143 4914 cameram
1182 4846 1345 4927 inueniri,
1374 4857 1459 4912 tunc
1502 4853 1620 4930 potest
1661 4842 1816 4910 ballium
1858 4841 1920 4910 ille
1961 4840 2020 4910 cui

508 4988 713 5066 preceptum
752 4989 808 5048 est
843 4981 1047 5050 huiusmodi
1083 4980 1326 5050 districcionee
1360 4981 1407 5049 nd
1444 4979 1694 5048 sufficienclnm
1734 4979 1909 5047 demende
1952 4997 2017 5048 sou

1140 5153 1387 5208 wsnuomoo
