5294 6592
866 731 964 822 libe
987 729 1126 821 little
1150 730 1248 819 ileo
1273 729 1403 820 itoolr
1430 729 1481 819 ot
1506 730 1695 820 tirtstol.
1981 738 2030 828 es

518 947 689 1015 vocandis
715 947 753 1012 in
782 955 906 1032 aperta
935 946 1102 1042 eiusdem¹
1122 944 1227 1014 Curie
1248 944 1435 1012 audiencia
1460 953 1497 1011 et
1521 945 1670 1030 predicti
1691 944 1773 1010 Ade
1792 945 1976 1030 presencia
2001 946 2034 1012 si

516 1084 687 1152 interesse
718 1082 869 1148 voluerit
898 1082 1075 1168 predictos
1109 1101 1173 1150 sex
1210 1091 1320 1150 testes
1356 1082 1394 1148 in
1430 1081 1544 1148 forma
1577 1091 1746 1149 consueta
1785 1082 2032 1150 examinarent

517 1229 555 1287 et
593 1219 741 1287 vlterius
782 1239 847 1286 sex
888 1219 979 1287 alios
1019 1221 1150 1306 probos
1189 1229 1228 1286 et
1265 1221 1402 1306 legales
1429 1221 1606 1288 ,homines
1643 1221 1688 1287 de
1728 1220 1868 1288 visneto
1907 1219 2035 1288 Sancti

515 1355 687 1441 Botulphi
716 1355 778 1440 qui
802 1354 980 1439 predictos
1008 1355 1127 1421 Adam
1158 1373 1223 1420 nec
1253 1354 1476 1422 Bernardum
1506 1357 1580 1424 vlla
1609 1355 1781 1424 affinitate
1814 1356 2031 1444 attingerent

516 1492 706 1594 diligenter
733 1492 951 1577 inquirerent
979 1511 1086 1576 super
1114 1498 1373 1570 sacramentum
1404 1511 1507 1558 suum
1539 1492 1570 1558 si
1598 1492 1758 1578 predicta
1787 1493 2031 1578 acquietancie

514 1638 610 1696 esset
637 1628 771 1695 factum
799 1627 896 1695 illius
931 1628 1012 1695 Ade
1047 1629 1138 1694 sicut
1174 1628 1353 1714 predictus
1386 1627 1590 1696 Bernardus
1620 1631 1713 1696 dixit
1746 1650 1793 1697 an
1828 1651 1900 1696 non
1935 1631 2028 1698 sicut

516 1766 609 1833 idem
639 1766 758 1832 Adam
795 1765 897 1830 dixit.
962 1765 1010 1830 Et
1038 1785 1082 1830 ea
1110 1783 1179 1850 que
1212 1783 1276 1850 per
1310 1765 1453 1831 easdem
1490 1765 1776 1835 examinaciones
1807 1778 1844 1834 et
1879 1768 2027 1853 inquisi-

514 1903 634 1970 ciones
664 1903 837 1970 inueniret
862 1902 916 1968 eis
945 1902 1028 1968 inde
1056 1901 1222 1968 distincte
1254 1911 1293 1967 et
1328 1911 1449 1986 aperte
1484 1903 1671 1970 redderent
1708 1906 1862 1972 cerciora
1889 1914 1928 1971 vt
1957 1905 2028 1992 ipsi

514 2039 640 2106 habita
678 2039 762 2106 inde
801 2039 1010 2125 cognicione
1044 2037 1204 2105 veritatis
1241 2039 1335 2104 circa
1378 2041 1536 2123 predicta
1574 2041 1720 2108 ulterius
1758 2039 1836 2108 fieri
1869 2041 2025 2109 iacerent

515 2178 610 2262 quod
638 2177 684 2242 de
712 2177 788 2242 iure
815 2186 852 2242 et
882 2175 1074 2242 secundum
1103 2176 1220 2262 legem
1250 2187 1287 2242 et
1316 2177 1606 2243 consuetudinem
1643 2179 1886 2246 mercatoriam
1922 2179 2029 2245 fuerit

517 2312 736 2388 iaciendum
781 2321 945 2396 pretextu
985 2313 1086 2378 cuius
1126 2311 1285 2378 mandeti
1322 2313 1429 2378 iidem
1470 2313 1605 2394 bellini,
1647 2315 1749 2401 probi
1788 2315 1951 2382 homines
1988 2327 2026 2382 et

511 2449 746 2516 communitas
800 2469 864 2534 per
921 2469 1005 2515 suas
1060 2449 1199 2516 litteras
1254 2458 1418 2535 patentes
1477 2449 1617 2518 clausas
1671 2451 1849 2518 communi
1904 2451 2026 2538 sigillo

510 2587 673 2672 signatas
704 2585 956 2651 remandarent
992 2585 1144 2652 scientes
1180 2587 1275 2671 quod
1309 2586 1378 2671 ipsi
1416 2586 1506 2653 scire
1545 2588 1704 2654 fecerunt
1742 2599 1827 2655 tunc
1864 2590 2025 2675 predicto
2063 2619 2067 2630 ·

511 2722 594 2790 Ade
629 2721 667 2788 in
705 2722 814 2808 plena
852 2720 959 2788 Curia
988 2721 1083 2807 quod
1118 2721 1196 2807 ipse
1233 2732 1501 2806 prosequeretur
1535 2741 1653 2790 coram
1684 2723 1737 2790 eis
1770 2725 1817 2790 ad
1852 2722 2023 2792 Sanctum

512 2860 730 2945 Botulphum
763 2861 802 2926 in
834 2859 1002 2946 predictis
1039 2858 1309 2925 examinacione
1342 2868 1378 2924 et
1411 2857 1644 2944 inquisicione
1675 2859 1857 2940 faciendis,
1891 2862 1923 2927 si
1955 2861 2025 2928 sibi

508 2997 636 3066 viderit
664 2998 842 3083 expedire,
872 2999 967 3083 quod
996 2997 1074 3083 ipse
1104 2995 1308 3062 conuocatis
1340 2997 1448 3081 plena
1477 2995 1584 3064 Curia
1613 3018 1679 3063 sua
1715 3007 1752 3063 et
1787 2997 1869 3064 aliis
1905 3017 2023 3064 coram

508 3135 560 3202 eis
588 3136 758 3203 vocandis
787 3135 965 3221 predictos
993 3135 1027 3218 vj
1061 3143 1172 3202 testes
1201 3133 1366 3201 informa
1394 3145 1564 3201 consueta
1598 3134 1637 3200 in
1676 3145 1799 3222 aperta
1838 3137 2022 3203 audiencia

508 3274 666 3340 eiusdem
696 3272 801 3340 Curie
829 3273 945 3340 iurare
971 3283 1007 3339 et
1033 3273 1262 3354 examinare¹‚
1288 3283 1326 3340 et
1349 3275 1500 3341 ulterius
1525 3294 1589 3360 per
1614 3274 1705 3341 alios
1736 3295 1800 3341 sex
1828 3277 1960 3362 probos
1985 3291 2024 3348 et

508 3412 645 3496 legales
690 3412 734 3477 de
776 3410 915 3477 visneto
960 3408 1086 3477 Sancti
1126 3411 1299 3496 Botulphi
1327 3409 1489 3477 neutram
1529 3412 1701 3480 dicerum
1745 3413 1903 3498 parcium
1945 3415 2022 3481 vlla

508 3545 680 3612 affinitate
705 3545 886 3632 attingens
920 3544 997 3633 (sic)
1039 3546 1175 3612 iuratos
1200 3545 1390 3633 diligenter
1415 3567 1521 3632 super
1544 3547 1726 3632 premissis
1749 3549 2020 3634 inquisicionem

504 3683 664 3750 iecemnt
688 3684 750 3768 qui
775 3683 941 3749 dixerunt
966 3702 1073 3768 super
1097 3691 1356 3749 sacramentum
1384 3703 1485 3748 suum
1510 3684 1605 3768 quod
1634 3684 1793 3770 predicta
1816 3685 2021 3770 acquietan-

505 3820 563 3886 cia
586 3818 653 3885 fuit
675 3819 806 3886 factum
833 3819 945 3904 ipsius
971 3819 1071 3895 Ade;
1107 3820 1267 3906 requisiti
1293 3821 1448 3905 qualiter
1472 3821 1618 3888 scrutati
1646 3821 1787 3888 memor
1814 3822 1913 3904 illud,
1938 3833 2021 3889 octo

505 3977 625 4024 eorum
654 3957 787 4038 dicunt,
817 3957 952 4024 scilicet
981 3956 1068 4024 dicti
1096 3977 1161 4024 sex
1188 3967 1297 4024 testes
1327 3967 1364 4024 et
1392 3959 1463 4024 duo
1492 3960 1537 4024 de
1566 3957 1647 4024 aliis
1684 3958 1818 4025 scilicet
1853 3959 2021 4026 Clemens

506 4093 702 4182 Dyonisius
726 4102 763 4161 et
789 4092 986 4181 Dyonisius
1014 4091 1186 4174 clement,
1216 4093 1311 4179 quod
1336 4093 1406 4178 ipsi
1434 4091 1574 4159 fuerunt
1601 4102 1785 4179 presentes
1810 4093 1848 4160 in
1873 4114 2015 4161 conses-

506 4233 607 4300 sione
641 4233 799 4299 eiusdem
837 4231 1077 4317 acquietancie
1111 4233 1149 4300 in
1177 4233 1265 4300 villa
1296 4230 1423 4300 Sancti
1448 4231 1620 4318 Botulphi
1652 4242 1689 4298 et
1721 4233 1816 4318 quod
1850 4233 2013 4300 viderunt

505 4367 622 4452 ipsum
647 4368 766 4435 Adam
792 4367 891 4433 illam
917 4368 1196 4454 acquietanciam
1222 4368 1380 4454 sigillare
1404 4379 1440 4434 et
1469 4388 1548 4435 cum
1574 4367 1738 4434 manibus
1763 4368 1837 4434 suis
1862 4369 2016 4454 propriis

398 4541 403 4550 ·
503 4504 620 4590 ipsam
646 4505 761 4571 eidem
790 4504 972 4571 Bemardo
996 4507 1133 4572 tradere
1158 4505 1276 4573 etalii
1306 4515 1456 4592 quatuor
1480 4505 1644 4571 dixemnt
1668 4503 1764 4590 quod
1791 4503 2012 4571 misfactum

500 4639 613 4725 ipsius
644 4642 725 4709 Ade
759 4644 951 4710 secundum
983 4665 1066 4711 suas
1098 4644 1317 4712 intenciones
1354 4652 1391 4710 et
1419 4643 1655 4712 credulitates
1701 4643 1771 4710 Per
1802 4643 1897 4729 quod
1926 4662 2011 4710 oon-

498 4777 691 4845 sideratum
713 4777 780 4846 fuit
804 4782 900 4866 quod
928 4781 1107 4867 predictus
1134 4781 1254 4848 Adam
1283 4781 1393 4847 nichil
1422 4791 1564 4868 caperet
1593 4801 1658 4867 per
1686 4781 1865 4904 querelam
1895 4798 2011 4846 suam.

500 4915 549 4983 Et
562 4916 639 5002 ipse
653 4927 690 4984 et
708 4919 820 5004 plegii
840 4920 895 4986 sui
913 4921 957 4986 de
974 4921 1219 5006 prosequendo
1241 4921 1279 4986 in
1293 4918 1532 4985 misericordia
1546 4927 1583 4984 et
1604 4916 1782 5003 predictus
1805 4914 2009 4980 Bemardus

1128 5088 1138 5124 ¹
1155 5091 1168 5142 i
1183 5090 1242 5142 iecit
1258 5090 1374 5142 omitted.
