5224 6596
511 873 518 884 -
613 833 687 906 208
947 825 1044 916 ebe
1068 823 1208 916 little
1232 825 1331 916 tiro
1355 826 1483 918 Book
1508 830 1559 920 oi
1583 832 1775 924 rirutot

610 1057 759 1126 quonum
787 1046 873 1107 tunc
902 1038 1070 1107 intererat
1105 1039 1237 1108 ddctam
1273 1039 1399 1122 didam
1437 1059 1500 1110 seu
1535 1042 1679 1112 irariam
1715 1047 1763 1114 ab
1798 1047 1949 1115 ecdesia
1984 1047 2117 1121 Sancte

609 1175 796 1244 Trinitatis
830 1176 869 1244 in
907 1179 1093 1248 ecclesiam
1138 1175 1307 1246 Omnium
1350 1177 1562 1248 Sanctorum
1605 1182 1800 1268 pmdictam
1843 1187 2035 1270 transtulit,
2072 1209 2115 1257 ec

611 1311 762 1384 Schoias
811 1288 992 1384 amenio
1042 1334 1107 1402 pro
1156 1312 1280 1399 Juens
1330 1323 1367 1380 et
1417 1316 1499 1386 nos
1549 1320 1709 1406 prmus
1760 1320 1993 1392 informandis
2049 1327 2116 1394 sue

611 1451 848 1539 disposicione
889 1453 984 1522 dicte
1033 1453 1139 1520 frarie
1186 1450 1361 1521 stabiliuit
1402 1461 1439 1520 et
1481 1453 1705 1542 proteccione
1748 1455 1893 1541 majoris
1935 1458 2116 1529 Bristollie

609 1589 672 1675 qui
699 1608 766 1677 pro
792 1598 954 1676 ternpore
982 1587 1098 1668 fuerit,
1127 1608 1170 1656 ac
1199 1586 1451 1656 monasterium
1481 1587 1607 1658 Sancti
1641 1590 1838 1678 Augustini
1874 1593 1912 1660 in
1948 1596 2116 1664 suburbio

609 1725 704 1795 dicte
738 1727 824 1794 ville
861 1725 1034 1810 fundauit,
1068 1737 1105 1794 et
1140 1727 1256 1814 ipsam
1292 1725 1479 1792 ecclesiam
1516 1725 1685 1794 Omnium
1725 1726 1937 1798 Sanctorum
1980 1733 2116 1818 prefato

609 1862 824 1931 monasterio
839 1859 1094 1954 approp[r]iari
1107 1863 1191 1932 iecit
1205 1880 1248 1929 ec
1262 1861 1433 1929 vicarium
1452 1863 1641 1950 quemdam
1655 1864 1701 1932 de
1715 1867 1910 1952 capellanis
1922 1867 2017 1936 dicte
2030 1869 2117 1952 3ilde

608 2007 646 2066 et
673 1997 779 2065 frarie
807 1998 1010 2087 eligendum
1039 2008 1075 2067 et
1102 2019 1168 2086 per
1203 1999 1368 2067 abbatem
1404 2009 1441 2067 et
1477 2011 1690 2069 conuentum
1726 2003 1932 2070 monasterii
1967 2007 2115 2090 predicti

397 2149 568 2277 moin,
608 2127 788 2223 Episcopo
831 2135 1072 2224 Wygomensi
1112 2136 1399 2222 presentandum,
1440 2136 1486 2202 de
1525 2157 1597 2223 quo
1635 2137 1769 2205 vicario
1807 2139 1939 2206 dicmm
1975 2161 2117 2210 monas·

402 2288 560 2395 aare·
606 2273 734 2342 terium
777 2272 929 2360 singulis
970 2273 1075 2340 annis
1114 2283 1247 2341 certam
1294 2273 1510 2360 porcionem,
1557 2274 1701 2342 nomine
1744 2275 1923 2356 Rectene,
1960 2277 2116 2346 ordinari

386 2417 576 2460 ”mon
605 2409 698 2478 fecit.
743 2408 902 2496 Cumque
929 2410 1077 2477 heredes
1099 2409 1186 2478 dicti
1215 2409 1369 2477 Roberti
1390 2409 1579 2499 Hardyng,
1609 2429 1652 2478 ac
1673 2411 1833 2498 Maiores
1852 2410 2035 2483 Bristoilie
2055 2415 2117 2502 qui

418 2482 547 2589 8313
604 2565 671 2633 pro
698 2555 856 2633 tempore
885 2547 1089 2628 extiterant,
1119 2547 1339 2636 temporibus
1368 2547 1504 2615 domini
1532 2547 1682 2614 Ricardi
1707 2557 1743 2614 et
1762 2547 1949 2634 Johannis,
1971 2549 2116 2638 Regum

387 2599 579 2656 summ·
600 2684 750 2772 Anglie,
789 2683 941 2753 filiorum
986 2685 1136 2772 preteeti
1172 2684 1339 2767 Raurici,
1380 2685 1462 2772 J'ura
1505 2694 1542 2752 et
1585 2683 1770 2753 libertates
1812 2686 1907 2752 dicte
1950 2687 2038 2771 3iicle
2080 2698 2117 2756 et

602 2821 708 2890 frarie
742 2823 990 2912 protexissent,
1027 2823 1231 2910 supenuenit
1265 2820 1486 2891 Brietolliam
1523 2821 1759 2890 Reuerendus
1802 2832 1907 2910 pater
1941 2823 2117 2894 Dominus

473 2955 476 2962 ’
603 2957 744 3041 (irruulo,1
778 2957 883 3028 Sedis
912 2957 1122 3045 Apostoliee
1157 2959 1334 3046 presbiter
1369 2956 1571 3024 Cardinalis
1609 2977 1653 3025 ec
1688 2958 1867 3046 generalis
1902 2959 2043 3046 legatus
2077 2961 2116 3028 in

602 3091 735 3178 Regno
762 3091 898 3179 Anglie
927 3090 1068 3171 missus,
1098 3093 1160 3177 qui
1189 3103 1381 3180 postquem
1410 3093 1594 3162 coronauit
1622 3094 1757 3162 dictum
1785 3095 1980 3164 Henricum
2003 3095 2114 3166 filium

602 3227 720 3316 Regis
776 3229 952 3313 Johannis
1010 3225 1231 3298 Gloucestrie
1289 3231 1431 3319 Regem
1488 3231 1625 3319 Anglie
1685 3232 1880 3301 celebrauit
1937 3235 2115 3320 quoddam

602 3364 788 3434 consilium
818 3365 984 3451 generale
1014 3364 1209 3446 Bristoliie,
1240 3367 1278 3434 in
1306 3387 1378 3454 quo
1406 3369 1556 3436 consilio
1584 3369 1669 3436 Rex
1698 3379 1735 3436 et
1761 3368 1961 3438 Cardinelis
1990 3371 2115 3454 3ildam

602 3511 640 3568 et
674 3499 818 3570 frariem
852 3501 1031 3590 predictas
1066 3513 1210 3590 propter
1247 3505 1480 3592 antiquitates
1517 3515 1553 3574 et
1589 3506 1769 3574 bonitates
1806 3505 1844 3572 in
1879 3527 1923 3574 ee
1958 3519 2116 3594 repertas

604 3637 889 3722 appmbauerunt
932 3645 968 3703 et
1011 3633 1322 3708 confirmauerunt.
1348 3669 1356 3678 ·
1379 3639 1451 3728 Qui
1486 3643 1628 3730 legatus
1661 3640 1846 3710 mandauit
1889 3651 1925 3710 et
1962 3643 2116 3732 iniunxit

603 3777 747 3845 domino
774 3777 966 3845 Willelmo·
984 3778 1020 3845 le
1049 3777 1170 3867 Bleys,
1200 3779 1382 3868 Episcopo
1410 3780 1664 3872 Wygornensi,
1693 3791 1731 3849 et
1759 3783 1834 3862 suis
1855 3783 2116 3854 sucoaemribus

603 3911 792 3999 Episcopis
821 3913 1103 3996 succedentibus,
1135 3925 1175 3982 vt
1203 3916 1337 3984 dictam
1373 3917 1500 4001 3ildam
1537 3935 1601 3984 seu
1636 3915 1780 3984 beriam
1815 3927 2043 4005 protegerent
2078 3928 2115 3986 ct

604 4053 841 4137 approbarent
866 4051 913 4118 ad
942 4050 1087 4118 laudem
1114 4051 1186 4120 Dei
1215 4073 1258 4121 ec
1295 4051 1465 4121 Omnium
1503 4050 1715 4128 Sanctorum
1744 4061 1781 4119 et
1809 4053 2114 4121 aumentecionem

603 4187 837 4256 deuocionum
865 4197 905 4280 et
929 4187 1101 4256 unitatem
1132 4189 1217 4258 cleri
1245 4200 1282 4258 et
1309 4190 1435 4278 populi
1456 4167 1541 4256 ville
1562 4186 1754 4255 Bristollie.
1797 4187 2113 4258 confirmacionem

604 4325 750 4412 insuper
777 4345 801 4392 a
828 4323 922 4392 Sede
950 4323 1161 4412 Apostolica
1191 4347 1298 4414 super
1324 4327 1470 4410 Juribus
1498 4323 1593 4392 dicte
1620 4323 1708 4406 3i1de
1736 4333 1773 4392 et
1801 4323 1907 4393 frarie
1935 4325 2116 4413 impetrari

604 4461 815 4548 procurauit,
845 4481 983 4529 necnon
1022 4464 1144 4532 omnia
1179 4467 1275 4532 bona
1316 4483 1387 4552 que
1421 4473 1506 4530 tunc
1542 4461 1773 4549 possidebant
1808 4469 1871 4527 eut
1898 4461 1937 4527 in
1961 4459 2115 4532 futurum

601 4599 708 4686 justis
736 4599 851 4667 modis
879 4608 1044 4685 poterunt
1069 4601 1230 4687 adipisci,
1260 4612 1297 4669 et
1326 4600 1528 4688 specialiter
1555 4599 1691 4678 domos,
1713 4606 1838 4678 terres,
1861 4599 2127 4683 possessiones,

604 4734 773 4817 redditus,
802 4744 839 4802 et
866 4735 987 4803 omnia
1011 4735 1083 4802 alie
1108 4738 1205 4804 bona
1233 4739 1299 4804 sub
1323 4735 1546 4824 proteccione
1574 4733 1681 4803 Sedis
1709 4732 1918 4820 Apostolice
1948 4737 2115 4824 suscepit.

605 4871 678 4960 Qui
705 4871 874 4960 Episcopi
901 4869 1170 4960 Wygornenses
1199 4875 1331 4943 dictam
1359 4875 1485 4957 sildam
1512 4881 1550 4940 et
1577 4870 1722 4938 trenam
1760 4872 2049 4956 approbauerunt
2079 4881 2115 4940 et

604 5009 856 5078 tollerauerunt
905 5006 952 5076 de
1004 5008 1166 5094 pluribus
1217 5011 1298 5080 aliis
1348 5010 1607 5100 lnquisiuimus,
1665 5026 1735 5095 que
1792 5009 1914 5076 omnia
1970 5018 2114 5097 propter

1146 5181 1590 5250 'Jacobusiiualladeliicberiia
