5294 6592
645 759 693 850 ⁵8
979 749 1076 840 ube
1099 747 1239 839 little
1263 751 1362 841 κω
1386 749 1592 841 Bootes
1621 752 1809 844 tirtetot

643 974 680 1032 et
693 983 856 1032 recusare
869 964 986 1050 legem
1002 964 1245 1032 mercatoriam
1260 967 1352 1032 bene
1366 975 1516 1051 possunt
1529 973 1567 1032 et
1581 965 1633 1034 ita
1647 965 1783 1034 faciunt
1804 965 2026 1034 communius
2046 987 2153 1054 quam

644 1101 749 1168 aliter
761 1121 826 1187 per
839 1107 952 1168 totum
968 1119 1128 1188 regnum.

651 1432 928 1528 QUOMODO
975 1431 1100 1510 LEX
1145 1433 1526 1514 MERCATORIA
1582 1433 1842 1513 DIFFERT
1893 1437 1935 1512 A
1995 1435 2156 1512 LEGE

1263 1611 1540 1690 COMMUNI.

777 1799 853 1866 Lex
878 1800 1023 1866 mercati
1050 1800 1167 1868 differt
1193 1821 1216 1868 a
1242 1802 1421 1868 communi
1446 1803 1527 1888 lege
1549 1801 1652 1888 regni
1676 1802 1791 1869 tribus
1813 1802 1948 1878 modis;
1975 1801 2013 1868 in
2027 1822 2158 1890 genere

646 1937 762 2022 primo
776 1937 871 2022 quod
885 1935 1034 2002 celerius
1048 1936 1221 2003 deliberat
1237 1957 1276 2004 se
1291 1938 1418 2022 ipsam.
1464 1935 1631 2004 Secundo
1653 1937 1749 2023 quod
1771 1937 1832 2022 qui
1851 1937 1989 2022 plegiat
2003 1937 2156 2024 aliquem

647 2073 693 2140 ad
729 2072 1011 2159 respondendum
1041 2072 1086 2138 de
1115 2073 1407 2160 transgressione,
1433 2073 1683 2154 conuencione,
1717 2073 1838 2140 debito
1862 2093 1922 2140 seu
1950 2075 2157 2142 catellorum

645 2209 862 2287 detencione,
900 2208 1038 2294 plegiat
1074 2217 1188 2274 totum
1224 2210 1393 2288 debitum,
1433 2210 1590 2294 dampna
1618 2219 1655 2276 et
1683 2228 1860 2295 expensas
1889 2210 2087 2296 querentis3
2124 2212 2155 2277 si

644 2345 823 2432 plegiatus
839 2363 923 2410 suus
946 2343 1130 2410 conuictus
1145 2343 1192 2410 sit
1205 2353 1243 2409 et
1257 2365 1328 2410 non
1344 2343 1495 2410 sufficiat
1509 2345 1601 2410 infra
1614 2345 1756 2411 bundas
1777 2345 1934 2425 mercati,
1957 2355 1993 2412 et
2014 2346 2046 2412 si
2066 2343 2155 2412 forte

644 2481 824 2576 plegiatus
852 2480 913 2547 ille
941 2481 1056 2565 primo
1083 2481 1129 2547 sit
1155 2481 1370 2546 attachiatus
1389 2501 1454 2566 per
1473 2481 1617 2548 vadium
1644 2481 1720 2547 siue
1739 2501 1804 2567 per
1822 2481 1953 2548 catalla
1973 2490 2010 2547 et
2031 2491 2156 2566 postea

644 2619 788 2684 vadium
811 2617 901 2683 illud
923 2617 1145 2702 elongauerit
1163 2617 1220 2684 vel
1244 2617 1430 2684 dimissum
1453 2616 1558 2683 fuerit
1580 2637 1645 2702 per
1667 2616 1871 2684 huiusmodi
1898 2617 2156 2704 plegiacionem

645 2774 710 2840 per
740 2753 958 2838 prepositum
994 2754 1140 2819 meroati
1177 2763 1280 2819 extra
1315 2754 1454 2820 bundas
1490 2754 1647 2832 mercati,
1673 2753 1885 2840 respondeat
1910 2755 2090 2840 plegiatus
2112 2755 2157 2820 de

645 2898 848 2967 huiusmodi
860 2897 967 2965 vadio
983 2917 1045 2962 seu
1059 2897 1135 2964 eius
1149 2898 1268 2983 precio
1285 2897 1388 2964 Curie
1410 2917 1473 2963 seu
1494 2897 1665 2982 querenti.
1710 2897 1759 2963 Et
1780 2897 1889 2964 tercio
1912 2898 2018 2963 modo
2039 2895 2156 2964 differt

645 3043 683 3111 ln
707 3063 750 3110 eo
775 3041 870 3128 quod
893 3061 965 3107 non
991 3041 1147 3108 admittit
1171 3042 1324 3128 aliquem
1351 3042 1397 3108 ad
1420 3043 1537 3125 legem
1559 3041 1597 3105 in
1618 3049 1718 3124 parte
1740 3041 1919 3126 negatiua,
1936 3041 1999 3106 sed
2013 3059 2153 3126 semper

645 3185 684 3254 in
709 3186 781 3253 ista
802 3186 884 3272 iege
909 3184 1089 3271 querentis
1114 3195 1168 3251 est
1193 3188 1355 3270 probare,
1379 3195 1418 3251 vt
1443 3204 1507 3271 per
1532 3192 1665 3251 mtam
1691 3186 1749 3250 vel
1772 3204 1836 3269 per
1860 3183 1993 3251 lactum
2016 3205 2080 3252 seu
2093 3204 2158 3270 per

644 3343 831 3419 utrumque
859 3340 896 3397 et
926 3349 998 3396 non
1027 3327 1261 3396 defendentis.
1321 3329 1369 3396 Et
1406 3333 1523 3414 quoad
1554 3330 1636 3409 alia,
1662 3339 1702 3395 vt
1731 3329 1849 3414 quoad
1879 3329 2157 3414 prosecuciones,

644 3475 878 3554 defensiones,
902 3473 1056 3556 essonia,
1080 3474 1211 3541 defalta
1236 3474 1442 3556 dilaciones,
1466 3474 1597 3542 iudicia
1622 3483 1659 3540 et
1688 3473 1920 3539 execuciones
1948 3471 2156 3540 iudiciorum

645 3620 888 3689 obseruandus
912 3629 968 3686 est
993 3619 1086 3685 idem
1114 3639 1302 3704 processus
1327 3620 1365 3686 in
1394 3618 1551 3704 utrisque
1580 3619 1731 3703 legibus.
1785 3615 1833 3682 Et
1856 3616 2038 3683 sciendum
2061 3617 2157 3702 quod

645 3766 875 3854 quiscumque
898 3745 1022 3832 emerit
1048 3764 1182 3850 aliquid
1213 3767 1272 3832 vel
1300 3765 1554 3851 permutauerit
1579 3785 1659 3831 cum
1686 3774 1891 3845 mercatore,
1921 3765 1997 3831 siue
2020 3775 2158 3850 emptor

645 3911 707 3978 ille
736 3931 799 3978 seu
827 3919 1046 3996 permutator
1073 3909 1177 3976 merit
1206 3919 1380 3976 mercator
1402 3909 1478 3977 siue
1500 3929 1583 3989 non,
1599 3909 1682 3976 dum
1706 3919 1826 3974 tamen
1855 3928 1913 3984 res
1941 3908 2006 3975 illa
2035 3908 2082 3976 sit
2111 3911 2155 3976 de

645 4053 868 4123 mercandisa
882 4072 948 4120 sua
960 4073 1025 4120 seu
1040 4053 1087 4120 ad
1100 4054 1358 4122 mercandisam
1373 4073 1474 4120 suam
1489 4063 1655 4139 spectans
1670 4063 1707 4120 et
1720 4061 1859 4139 emptor
1873 4051 1933 4118 ille
1948 4051 2041 4119 diem
2053 4072 2156 4120 suum

645 4217 769 4266 versus
783 4203 1012 4262 mercatorem
1027 4196 1110 4262 inde
1125 4216 1197 4262 non
1219 4197 1424 4277 seruauerit,
1448 4205 1587 4263 tenenrr
1608 4196 1723 4262 eidem
1746 4195 1932 4262 mercatori
1946 4199 2158 4282 respondere

647 4337 839 4406 secundum
865 4336 983 4421 legem
1006 4337 1251 4403 mercatoriam
1275 4339 1473 4427 ubicunque
1498 4340 1715 4425 apprehendi
1741 4359 1803 4406 seu
1823 4339 2012 4408 attachiari
2026 4343 2157 4426 poterit

637 4481 739 4548 'infra
768 4489 882 4546 metas
910 4479 1082 4548 dictorum
1112 4505 1145 4550 v.
1176 4485 1342 4551 locorum.
1401 4487 1449 4552 Et
1478 4496 1532 4553 est
1561 4487 1653 4554 idem
1681 4487 1771 4572 juris
1803 4488 1836 4554 si
1872 4499 2046 4556 mercator
2082 4510 2154 4564 non

647 4623 841 4696 seruauerit
854 4623 949 4689 diem
965 4643 1066 4690 suum
1081 4646 1204 4704 versus
1215 4628 1324 4694 alium
1339 4628 1569 4714 quiscumque
1580 4629 1642 4695 ille
1656 4629 1747 4696 alius
1763 4629 1820 4709 sit,
1836 4629 1912 4698 siue
1927 4630 1974 4697 sit
1986 4641 2159 4700 mercator

648 4773 725 4840 siue
768 4787 852 4849 non,
896 4766 966 4834 nisi
1009 4767 1099 4837 sorte
1134 4781 1254 4855 partes
1284 4773 1552 4839 consensierunt
1595 4783 1632 4840 et
1668 4775 1868 4841 maluerunt
1904 4775 2076 4860 placitare
2112 4778 2158 4844 ad

647 4931 868 4982 communem
883 4913 1000 4997 legem
1016 4913 1053 4978 in
1067 4914 1201 4981 eisdem
1216 4917 1419 4984 ciuitatibus
1435 4927 1471 4984 et
1485 4919 1523 4985 in
1544 4918 1678 4984 eisdem
1700 4919 1760 4984 vbi
1781 4920 1915 4986 habent
1937 4919 2053 4985 curias
2074 4930 2156 5006 post

648 5061 783 5141 feriam,
800 5056 913 5124 tidam
925 5068 962 5123 et
976 5069 1168 5126 mercatum
1183 5070 1220 5127 et
1235 5061 1272 5127 in
1287 5062 1416 5148 quibus
1431 5063 1573 5130 deducit
1587 5064 1648 5129 lex
1662 5066 1868 5132 communis.
