5224 6596
878 892 976 984 ube
1000 889 1262 982 litttctteo
1287 891 1492 982 molet
1521 891 1706 984 aristot
1969 921 2040 994 217

540 1106 734 1175 octodecim
773 1109 894 1194 pedes,
933 1117 971 1175 et
1010 1107 1048 1175 in
1087 1103 1312 1192 longitudine
1350 1111 1503 1184 centum,
1547 1104 1784 1191 quadraginta
1827 1115 1865 1174 et
1906 1117 2043 1194 septem

538 1244 658 1327 pedes.
701 1242 794 1310 Dedi
824 1243 936 1311 eciam
966 1253 1002 1310 et
1030 1242 1189 1310 concessi
1218 1251 1254 1307 et
1289 1240 1358 1306 bac
1393 1239 1549 1325 presenti
1584 1253 1683 1308 carta
1720 1261 1801 1310 mea
1837 1243 2044 1314 confirmaui

537 1378 697 1465 predicto
735 1379 856 1448 David
898 1391 935 1448 et
985 1379 1245 1448 successoribus
1293 1377 1368 1444 suis
1410 1373 1615 1462 Capelianis
1659 1380 1848 1464 quemdam
1887 1401 2044 1450 annuum

536 1516 711 1582 redditum
748 1516 935 1584 tresdecim
972 1518 1164 1584 solidorum
1200 1525 1237 1583 et
1266 1523 1417 1602 quatuor
1447 1513 1671 1582 denariorum
1693 1516 1834 1603 argenti
1855 1529 2043 1588 exeuntem

537 1651 582 1718 de
611 1659 686 1718 toto
715 1662 916 1750 tenemento
945 1671 1025 1720 meo
1053 1673 1134 1719 cum
1163 1652 1237 1720 suis
1265 1655 1492 1740 pertinenciis
1521 1659 1652 1726 situato
1681 1657 1719 1724 in
1749 1659 1844 1727 dicto
1873 1659 2042 1728 suburbio

386 1834 393 1850 .
439 1833 446 1850 .
536 1789 574 1854 in
597 1787 878 1876 Baldewynstret
899 1789 937 1857 in
960 1811 1030 1876 quo
1052 1790 1230 1858 Henricus
1252 1791 1361 1859 Diare
1381 1813 1475 1861 nunc
1494 1796 1671 1864 inhabitat
1690 1796 1783 1863 inter
1800 1807 2041 1865 tenementum

535 1943 652 1992 meum
681 1945 727 1991 ex
757 1937 856 2012 parte
891 1947 963 1996 vna
999 1937 1036 1995 et
1071 1939 1310 1996 tenementum
1347 1949 1460 2017 nuper
1492 1931 1642 1998 Ricardi
1679 1930 1820 2000 Horlok
1855 1951 1902 2000 ex
1940 1947 2042 2019 parte

535 2060 666 2138 altera;
703 2071 743 2129 vt
771 2062 865 2130 idem
894 2064 1059 2132 dominus
1086 2063 1207 2132 David
1235 2075 1272 2133 et
1300 2085 1520 2136 successores
1550 2070 1604 2136 sui
1633 2061 1810 2154 capellani
1831 2069 1870 2136 in
1892 2071 2042 2138 ecclesia

531 2199 727 2282 parochiali
770 2197 895 2268 Sancti
937 2201 1113 2283 Nicboiai,
1157 2200 1348 2284 Bristoilie,
1393 2205 1439 2270 ad
1483 2209 1594 2274 altare
1644 2209 1749 2275 beate
1791 2207 1907 2274 Marie
1946 2208 2040 2278 dicte

531 2336 678 2403 ecclesie
706 2337 794 2405 hora
823 2340 1037 2424 competenti
1067 2339 1189 2406 divina
1218 2339 1398 2408 celebrant
1431 2340 1450 2429 (
1476 2340 1482 2352 '
1492 2341 1509 2426 )
1548 2361 1614 2428 pro
1650 2342 1784 2410 salubri
1820 2353 1917 2410 statu
1952 2344 2039 2411 dicti

530 2473 665 2540 domini
693 2473 820 2560 Regis,
846 2475 994 2562 Maioris
1023 2486 1059 2542 et
1087 2476 1353 2543 communitatis
1385 2478 1470 2542 ville
1506 2476 1698 2559 Bristollie,
1735 2489 1772 2544 et
1807 2499 1873 2565 pro
1903 2479 2039 2546 salubri

530 2621 625 2678 statu
654 2632 734 2680 meo
762 2623 798 2681 et
827 2612 958 2682 Cecilie
985 2614 1106 2680 vxoris
1134 2633 1223 2695 mee,
1253 2615 1337 2682 dum
1366 2614 1569 2696 vixerimus,
1600 2633 1738 2682 necnon
1764 2635 1830 2702 pro
1851 2615 2039 2684 animabus

530 2745 660 2812 nostris
687 2767 768 2814 cum
803 2749 849 2814 de
884 2749 952 2816 bac
993 2751 1072 2817 luce
1114 2751 1396 2837 migrauerimus,
1436 2761 1472 2819 et
1513 2772 1578 2838 pro
1624 2753 1812 2820 animabus
1852 2763 2039 2840 parentum

530 2893 728 2951 nostrorum
784 2893 822 2952 et
879 2886 1036 2952 omnium
1094 2885 1252 2955 fidelium
1304 2887 1547 2955 defunctorum
1601 2888 1717 2955 indies
1768 2889 2037 2976 imperpetuum.

530 3018 709 3088 Habenda
739 3031 776 3088 et
803 3023 957 3088 tenenda
985 3023 1107 3090 omnia
1139 3025 1344 3109 supradicta
1379 3035 1593 3106 tenementa,
1630 3026 1762 3110 sbopas
1798 3035 1835 3092 et
1870 3024 2037 3092 solarium

529 3175 609 3224 cum
631 3157 705 3224 suis
727 3156 891 3226 omnibus
912 3160 1150 3246 pertinenciis,
1173 3180 1311 3228 necnon
1342 3163 1607 3248 percipiendum
1629 3161 1825 3247 predictum
1848 3163 2036 3230 annumern

455 3357 459 3364 .
527 3292 703 3359 redditum
747 3294 934 3361 tresdecim
977 3296 1169 3363 solidorum
1213 3305 1249 3364 et
1293 3307 1445 3384 quatuor
1489 3299 1711 3368 denariorum
1756 3311 1943 3366 exeuntem
1992 3301 2038 3366 de

528 3435 731 3494 tenemento
780 3428 938 3514 predicto
989 3449 1069 3497 cum
1121 3433 1194 3499 suis
1237 3435 1466 3518 pertinenciis
1509 3437 1668 3522 predicto
1712 3437 1856 3504 domino
1905 3437 2036 3516 David,

532 3563 735 3649 Capeliano,
777 3577 812 3632 et
851 3569 1113 3636 successoribus
1152 3570 1226 3637 suis
1266 3571 1460 3658 capellanis
1500 3573 1537 3638 in
1580 3572 1677 3638 dicta
1719 3573 1869 3640 ecclesia
1912 3572 2037 3641 Sancti

529 3702 696 3771 Nicholai
723 3705 771 3771 ad
798 3705 994 3790 predictum
1020 3706 1132 3774 altare
1160 3708 1265 3775 beate
1294 3707 1408 3775 Marie
1429 3707 1553 3775 diuina
1582 3707 1734 3794 singulis
1763 3709 1890 3776 diebus
1919 3710 2035 3778 indies

528 3839 785 3928 imperpetuum
836 3843 1064 3911 celebraturis
1114 3845 1159 3912 de
1209 3844 1435 3930 capitalibus·
1479 3843 1633 3911 dominis
1682 3844 1776 3911 feodi
1826 3844 1922 3913 illius
1971 3865 2036 3932 per

528 3978 679 4045 seruicia
699 3977 783 4046 inde
803 3979 923 4046 debita
944 3989 981 4047 et
1002 3981 1047 4048 de
1065 3979 1155 4067 jure¹
1183 3990 1353 4048 consueta
1373 3981 1653 4067 imperpetuum,
1684 3979 1857 4062 faciendo,
1879 3985 2034 4049 tenendo

527 4122 564 4179 et
602 4116 834 4182 sustentando
873 4116 1026 4204 singulis
1066 4117 1170 4184 annis
1208 4117 1466 4205 imperpetuum
1507 4118 1546 4184 in
1585 4119 1710 4185 eadem
1747 4117 1897 4186 ecclesia
1939 4119 2033 4186 diem

529 4250 807 4318 anniuersarium
858 4271 975 4318 meum
1033 4263 1070 4320 et
1127 4253 1258 4320 Cecilie
1306 4253 1427 4320 vxoris
1479 4273 1555 4348 mee
1606 4272 1688 4320 cum
1740 4253 1785 4320 de
1836 4256 1905 4320 hac
1956 4255 2034 4322 luce

529 4385 798 4474 migrauerimus
827 4390 990 4457 subhac
1017 4388 1141 4471 forma,
1170 4389 1335 4456 videlicet
1363 4391 1459 4475 quod
1494 4389 1611 4456 dictus
1647 4389 1812 4456 dominus
1848 4391 1968 4458 David
1997 4405 2034 4459 et

529 4542 748 4590 successores
769 4524 825 4592 sui
848 4523 1033 4612 Capeliani
1055 4525 1153 4592 omni
1178 4542 1273 4592 anno
1302 4525 1560 4612 imperpetuum
1590 4525 1684 4592 diem
1708 4523 1777 4614 (sel)
1800 4527 2033 4596 anniuersarii

528 4658 599 4725 mei
639 4659 780 4727 soluant
822 4661 955 4727 vicario
996 4661 1090 4729 dicte
1127 4662 1274 4729 ecclesie
1311 4660 1437 4729 Sancti
1476 4661 1642 4729 Nicbolai
1678 4662 1710 4729 si
1741 4681 1889 4747 presens
1928 4664 2033 4731 morit

530 4796 620 4863 duos
663 4797 809 4879 solidos,
855 4808 893 4865 et
939 4798 1134 4868 octodecim
1177 4799 1383 4886 capellanis,
1434 4799 1571 4866 vocatis
1620 4818 1685 4884 per
1726 4798 1897 4867 vicarium
1939 4800 2033 4869 dicte

528 4933 676 5000 ecclesie
726 4935 758 5002 si
806 4955 954 5021 presens
1017 4937 1122 5005 fuerit
1185 4939 1244 5004 vel
1299 4957 1364 5025 per
1421 4938 1586 5005 custodes
1642 4937 1737 5005 dicte
1794 4937 1943 5006 ecclesie
2001 4941 2034 5006 si

529 5068 682 5136 vicarius
733 5073 862 5140 absens
912 5071 1026 5156 fuerit,
1070 5074 1189 5142 missis
1241 5076 1287 5141 de
1338 5073 1459 5161 requie
1509 5085 1546 5141 et
1588 5073 1747 5160 exequiis
1790 5075 2032 5161 solempnibus

1199 5249 1208 5280 ¹
1226 5245 1362 5299 mium.
