5224 6596
845 848 943 939 dte
966 847 1105 937 little
1129 849 1227 939 tim
1253 850 1381 942 Boot
1407 853 1456 944 oi
1486 854 1677 946 bustel.
1936 883 2005 958 235

504 1061 677 1141 kaiarum,
714 1081 892 1130 murorum
928 1073 964 1130 et
1001 1062 1196 1149 pauimenti
1235 1065 1319 1130 ville
1353 1067 1510 1152 predicte
1549 1088 1656 1154 quarn
1694 1069 1813 1155 pontis
1851 1071 2007 1156 ejusdem
2144 1133 2147 1142 .

505 1199 589 1264 ville
628 1197 689 1283 qui
728 1200 857 1266 nedum
897 1220 961 1286 per
996 1203 1243 1270 vehementum
1282 1223 1374 1290 aque
1413 1225 1553 1273 cursum
1583 1208 1707 1273 subtus
1735 1217 1879 1294 pontem
1910 1207 2010 1274 illum

507 1332 648 1400 fluentis
677 1343 713 1400 et
740 1333 931 1416 refluentis,
960 1339 1194 1406 verumecian
1223 1361 1287 1427 per
1309 1343 1520 1410 continuum¹
1544 1342 1732 1410 transitum
1760 1350 1798 1410 et
1830 1361 2010 1410 accessum

507 1472 724 1539 diuersorum
777 1475 1063 1560 summagiorum,
1119 1489 1335 1546 carectarum
1389 1489 1426 1548 et
1480 1480 1629 1546 aliorum
1670 1479 1905 1566 mriagiorum
1947 1497 2012 1564 per

506 1617 650 1695 pontem
685 1609 786 1677 illum
820 1612 1080 1678 transeuntium
1118 1613 1232 1680 indies
1268 1615 1456 1701 pejoratum,
1486 1615 1690 1682 debilitatur
1726 1625 1762 1682 et
1790 1613 2011 1701 diruiupitur,

507 1747 641 1812 habent
680 1755 716 1812 et
754 1747 941 1828 sustinent,
982 1767 1113 1834 eosque
1153 1770 1199 1815 ex
1241 1770 1335 1818 nunc
1378 1753 1544 1819 continue
1583 1753 1715 1820 habere
1759 1762 1796 1819 et
1839 1751 2011 1820 sustinere

508 1883 695 1969 oportebit,
731 1885 776 1949 de
801 1883 923 1970 gracia
946 1894 1069 1953 nostra
1093 1886 1239 1972 speciali
1259 1908 1302 1954 ac
1327 1890 1372 1956 de
1395 1890 1616 1957 auisamento
1636 1899 1673 1957 et
1699 1909 1849 1957 assensu
1871 1888 2012 1956 consilii

506 2023 619 2090 nostri
647 2025 885 2092 concessimus
914 2024 1043 2110 Majori
1073 2036 1110 2091 et
1139 2024 1393 2093 communitati
1421 2025 1577 2112 ejusdem
1603 2025 1687 2092 ville
1715 2025 1778 2112 qui
1806 2044 1900 2093 nunc
1928 2034 2012 2091 sunt

506 2162 564 2226 vel
604 2160 666 2246 qui
707 2181 773 2247 pro
819 2169 977 2248 ternpore
1029 2173 1132 2229 erunt
1183 2164 1279 2248 quod
1331 2163 1401 2249 ipsi
1452 2164 1636 2248 adquirere
1689 2175 1839 2248 possunt
1888 2171 2011 2238 terras,

508 2307 719 2380 tenementa,
750 2299 968 2366 reuersiones
997 2311 1032 2366 et
1061 2300 1219 2366 redditus
1247 2299 1339 2366 infra
1372 2299 1494 2367 viliam
1529 2301 1723 2386 predictam
1763 2309 1800 2366 et
1841 2299 2010 2366 suburbia

507 2437 665 2522 ejusdem
703 2457 772 2523 que
815 2449 889 2503 tam
929 2437 974 2502 de
1013 2436 1117 2503 nobis
1155 2436 1190 2502 in
1230 2437 1405 2524 burgagio
1446 2457 1553 2522 quam
1588 2437 1633 2502 de
1661 2437 1742 2503 aliis
1770 2445 1935 2502 tenentur
1963 2437 2010 2502 ad

507 2573 663 2639 valorem
703 2581 845 2638 centum
887 2573 1055 2638 librarum
1094 2591 1158 2658 per
1200 2591 1343 2639 annum.
1410 2572 1588 2640 Habenda
1616 2584 1653 2639 et
1690 2573 1843 2638 tenende
1878 2571 2011 2638 eisdem

508 2705 637 2793 Majori
666 2718 702 2775 et
730 2707 985 2776 communitati
1013 2727 1056 2775 ac
1085 2709 1346 2777 successoribus
1374 2711 1449 2777 suis
1478 2710 1516 2776 in
1542 2708 1839 2776 sustentacionem
1865 2726 2011 2774 onerum

508 2846 743 2931 predictorum
784 2847 1051 2932 imperpetuum,
1082 2843 1225 2912 Statuto
1260 2845 1305 2911 de
1330 2845 1433 2911 terris
1467 2854 1503 2912 et
1539 2843 1752 2911 tenementis
1792 2845 1838 2909 ad
1866 2862 2012 2910 manum

509 2995 682 3050 mortuam
711 3001 784 3049 non
813 2982 987 3068 ponendis
1014 2981 1123 3062 edito,
1147 2991 1209 3048 aut
1237 3001 1280 3048 eo
1310 2985 1404 3070 quod
1428 2993 1529 3064 terre,
1554 2992 1768 3064 tenementa,
1793 2981 2012 3048 reuersiones

508 3128 545 3185 et
573 3119 731 3185 redditus
760 3119 919 3205 predicta
947 3121 992 3185 de
1020 3119 1124 3186 nobis
1164 3129 1203 3184 vt
1238 3121 1452 3204 premittitur
1490 3133 1676 3189 teneantur
1714 3138 1787 3188 non
1825 3120 2010 3195 obstante;

509 3257 715 3323 dumtamen
755 3276 818 3341 per
854 3255 1107 3341 inquisiciones
1140 3257 1178 3324 in
1206 3259 1274 3323 hac
1302 3268 1405 3343 parte
1430 3259 1622 3345 capiendas
1650 3268 1687 3324 et
1725 3257 1764 3324 in
1800 3255 2013 3323 cancellaria

509 3407 631 3462 nostra
660 3415 722 3464 seu
757 3396 925 3462 heredum
954 3405 1153 3462 nostrorum
1182 3398 1248 3463 rite
1278 3397 1508 3463 retornandas
1538 3405 1754 3480 compertum
1780 3393 1827 3461 sit
1855 3394 1950 3479 quod
1976 3393 2013 3458 id

509 3531 586 3598 ficri
614 3533 727 3619 possit
751 3534 884 3617 absque
913 3533 1069 3616 dampno
1097 3544 1134 3597 et
1162 3532 1356 3619 prejudicio
1386 3533 1497 3600 nostri
1525 3533 1583 3598 vel
1611 3532 1780 3598 heredum
1800 3542 2012 3597 nostrorum

510 3688 573 3737 seu
615 3670 764 3735 aliorum
807 3687 1114 3754 quorumcumque.
1174 3665 1218 3733 In
1256 3667 1355 3753 cujus
1398 3667 1449 3734 rei
1488 3667 1728 3734 testimonium
1765 3667 1833 3733 has
1875 3663 2013 3731 litteras

510 3812 649 3870 nostras
677 3803 753 3870 fieri
781 3803 927 3870 fecimus
956 3813 1129 3889 patentes.
1182 3803 1288 3870 Teste
1320 3823 1378 3869 me
1414 3805 1493 3890 ipso
1529 3803 1622 3889 apud
1657 3800 2012 3870 westmonasterium

511 3941 635 4025 quinto
664 3941 801 4007 decimo
830 3940 888 4006 die
917 3941 1123 4021 decembris,
1147 3959 1242 4008 anno
1270 3941 1372 4028 regni
1401 3941 1513 4008 nostri
1538 3940 1801 4027 quartodecimo
1823 3935 1954 4028 [¹435]-

640 4078 710 4144 Per
738 4077 854 4165 ipsum
885 4079 1025 4162 Regem
1055 4086 1091 4144 et
1119 4077 1305 4144 consilium
1335 4077 1372 4142 in
1401 4076 1645 4163 parliamento.

517 4303 775 4402 Confirmation
809 4303 851 4400 by
882 4301 1015 4400 ΗΜ
1056 4301 1117 4377 VI.
1150 4311 1184 4377 to
1212 4304 1269 4378 the
1297 4302 1415 4399 Abbey
1447 4301 1494 4400 <ff
1525 4299 1731 4376 Whitcland
1760 4303 1799 4375 in
1837 4299 2012 4378 Carmar-

513 4455 689 4530 thenskire
715 4454 762 4553 os
781 4458 827 4528 its
839 4456 1042 4552 posscssions
1066 4453 1145 4528 and
1155 4453 1352 4552 privileges.
1407 4449 1532 4526 Datcd
1552 4474 1597 4545 19
1616 4451 1721 4549 May,
1748 4473 1792 4525 22
1821 4450 1917 4528 Han.
1947 4449 2009 4527 VI.

515 4599 659 4704 [1444].
717 4603 776 4678 As
802 4603 873 4678 this
902 4603 1160 4702 Confirmatmn
1187 4629 1259 4680 was
1285 4603 1351 4680 lost
1376 4606 1408 4677 it
1432 4605 1464 4676 is
1487 4605 1597 4703 again
1622 4603 1784 4678 renaucd.
1843 4623 1885 4678 12
1905 4600 2011 4700 May,

1031 4777 1076 4850 25
1105 4753 1202 4830 Hen.
1248 4753 1310 4830 VI.
1351 4749 1494 4854 [1447].

727 4918 815 4986 This
845 4917 993 4986 Charter
1021 4921 1053 4987 is
1082 4921 1225 4988 entered
1254 4919 1293 4986 in
1321 4921 1383 4986 the
1411 4917 1519 4986 Ls'ttle
1546 4919 1626 4986 Red
1649 4919 1857 4987 Boukasa
1881 4919 2013 4999 record,

814 5056 876 5121 tbe
903 5054 1036 5122 Monks
1064 5057 1103 5124 oi
1128 5055 1336 5125 Whiteland
1359 5057 1497 5144 having
1520 5058 1671 5126 claimed
1693 5057 1897 5143 exemption
1921 5055 2012 5123 from

813 5192 878 5258 toll
906 5192 1020 5259 under
1048 5213 1071 5260 a
1099 5205 1206 5280 grant
1233 5193 1324 5262 from
1353 5193 1457 5281 King
1483 5193 1588 5277 John.
