5224 6596
564 859 632 932 182
897 849 994 942 obe
1018 849 1157 941 little
1181 849 1281 941 ‘dieb
1304 851 1432 944 Book
1456 850 1515 942 of.
1536 851 1724 944 nuent

561 1065 648 1133 ville
675 1063 857 1132 Bristollie
886 1065 925 1131 in
953 1066 1060 1153 pleno
1089 1065 1273 1133 hundredo
1301 1066 1432 1134 ibidem
1460 1075 1571 1149 tento,
1597 1087 1715 1136 eoram
1739 1067 1904 1152 Iohanne
1928 1064 2063 1155 Spyna

557 1213 644 1270 tunc
672 1201 810 1290 Majore
837 1201 924 1270 ville
951 1200 1142 1284 Bristollie,
1178 1203 1278 1272 venit
1311 1202 1494 1287 Iohannes
1523 1202 1656 1316 ⁴Broolc,
1694 1213 1868 1272 meremor
1905 1203 2064 1291 ejusdem

557 1337 656 1419 ville,
682 1335 744 1422 qui
771 1335 995 1424 disponsauit
1021 1336 1222 1421 Iohannem
1257 1357 1370 1424 nuper
1392 1356 1538 1404 norem
1565 1337 1740 1422 Iohannis
1767 1337 1876 1406 Frere
1902 1337 2063 1420 maioris,

560 1493 677 1560 nuper
711 1473 901 1562 burgensis
935 1473 1019 1541 ville
1055 1474 1222 1559 predicte,
1258 1483 1295 1542 et
1332 1474 1540 1563 reoognouit
1575 1494 1615 1542 se
1649 1475 1824 1562 recepisse
1865 1473 2063 1542 custodiam

558 1629 746 1695 corponrm
785 1607 948 1692 Iohanne
987 1605 1060 1676 filie
1100 1609 1260 1696 ejusdem
1295 1610 1470 1695 Iohannis
1514 1611 1621 1678 Frere
1667 1611 1818 1680 senioris
1860 1613 1967 1680 etatis
2001 1633 2062 1680 xv.

558 1765 743 1826 annonam,
765 1745 902 1814 Thonm
928 1742 994 1813 filii
1022 1747 1180 1832 ejusdem
1200 1746 1375 1831 Iohannis
1395 1748 1502 1816 Frere
1523 1747 1672 1817 senioris
1691 1747 1799 1818 etatis
1818 1768 1853 1815 v.
1875 1767 2060 1830 amorum,

554 1883 733 1968 Iohannis
761 1881 827 1950 filii
855 1883 1013 1969 ejmdem
1041 1884 1215 1969 Iohannis
1243 1884 1350 1952 Frere
1379 1884 1529 1954 senioris
1564 1885 1671 1954 etatis
1706 1885 1785 1972 iiij⁸⁸
1818 1905 1992 1954 annorum
2026 1897 2064 1954 et

562 2020 710 2090 Ricardi
738 2019 804 2090 filii
832 2023 990 2109 ejusdem
1018 2022 1192 2107 Iohannis
1220 2022 1328 2090 Frere
1364 2023 1516 2092 senioris
1548 2023 1655 2090 etatis
1692 2023 1841 2090 duorum
1878 2043 2062 2107 annorum,

549 2178 709 2226 unacum
748 2160 932 2246 octoginta
971 2158 1071 2226 libris
1105 2157 1143 2225 in
1176 2158 1327 2244 pecunia
1362 2167 1547 2226 numerata
1573 2177 1639 2244 per
1666 2157 1840 2246 Maiorem
1867 2168 1906 2227 et
1932 2161 2064 2246 probos

552 2295 719 2363 homines
732 2295 817 2364 ville
830 2297 987 2385 predicte
1006 2296 1173 2364 debonis
1195 2309 1231 2362 et
1253 2296 1393 2363 caullia
1412 2295 1571 2382 ejusdem
1590 2294 1766 2379 Iohannis
1785 2295 1893 2364 Frere
1913 2297 2063 2365 senioris

557 2432 596 2500 in
616 2441 829 2500 oesnmento
858 2452 924 2500 suo
951 2431 1097 2519 prefatis
1125 2430 1298 2515 Iohanne,
1326 2431 1472 2513 Thome,
1500 2431 1656 2516 Iohanni
1677 2441 1713 2498 et
1742 2431 1911 2514 Ricardo,
1939 2433 2062 2502 liberis

555 2570 643 2652 suis,
672 2570 866 2658 assignatis
894 2581 931 2639 et
955 2571 1127 2640 ordinatis
1152 2571 1199 2638 ad
1224 2591 1287 2637 eas
1315 2571 1427 2652 saluo,
1451 2571 1498 2638 ad
1520 2590 1610 2658 opus
1630 2571 1867 2658 predictorum
1887 2569 2061 2656 Iohanne,

557 2707 704 2788 nome,
732 2706 908 2791 Iohannis
935 2717 973 2774 et
1000 2705 1149 2774 Ricardi
1177 2705 1366 2774 liberorum
1402 2725 1556 2787 suorum,
1593 2705 1843 2775 custodiendas
1877 2723 2062 2792 quousque

561 2845 607 2912 ad
643 2845 788 2933 plenam
825 2852 956 2910 etatem
995 2863 1096 2911 suam
1136 2843 1361 2930 pervenerint
1397 2853 1435 2912 et
1473 2863 1536 2912 eas
1564 2843 1767 2912 liberandas
1794 2853 1832 2910 et
1860 2842 2061 2922 soluendae,

555 2981 723 3050 videlicet
751 2981 896 3048 cuilibet
921 2999 1041 3048 eorum
1070 2981 1273 3066 porcionem
1303 2999 1404 3048 suam
1432 2999 1513 3048 cum
1544 2981 1758 3066 adplenum
1793 2989 1926 3048 etatem
1961 2998 2063 3048 suam

556 3117 767 3204 peruenerit,
803 3119 861 3184 vel
893 3117 1034 3184 interim
1066 3116 1161 3186 dicte
1188 3117 1352 3202 Iohanne
1379 3115 1451 3184 filie
1475 3127 1612 3203 partem
1642 3137 1743 3186 suam
1771 3117 1804 3186 si
1835 3117 1952 3204 ipsam
1980 3135 2064 3184 oon·

557 3256 677 3344 tingat
704 3256 862 3323 maritari
890 3257 948 3323 vel
976 3255 1223 3324 executoribus
1250 3255 1325 3322 suis
1353 3255 1384 3322 si
1410 3255 1455 3322 de
1483 3273 1528 3322 ea
1548 3255 1734 3343 contingat
1754 3253 1970 3322 humanitus.
2014 3251 2063 3320 Et

554 3391 589 3460 si
617 3391 746 3478 aiiquis
775 3409 895 3458 sonum
914 3381 1017 3459 ¹inira
1044 3391 1187 3477 plenam
1215 3401 1347 3458 etatem
1376 3409 1477 3458 suam
1505 3389 1633 3458 obierit
1660 3389 1718 3458 vel
1739 3387 1877 3477 prefata
1896 3389 2062 3474 Iohanne

559 3527 688 3596 obierit
716 3538 905 3616 antequam
934 3529 1101 3596 maritata
1128 3527 1233 3595 buerit
1261 3537 1346 3594 tunc
1375 3547 1460 3614 pars
1489 3525 1585 3593 illius
1613 3523 1769 3594 defuncti
1803 3526 1862 3594 vel
1897 3509 2079 3594 defiuncte'

559 3665 790 3734 distribuatur
818 3663 911 3731 inter
938 3682 1062 3732 omnes
1089 3661 1182 3732 filios
1210 3673 1247 3730 et
1274 3661 1368 3732 filias
1396 3664 1441 3730 de
1465 3681 1611 3748 corpore
1639 3661 1726 3728 dicti
1756 3659 1931 3745 Iohannis
1956 3659 2063 3728 Frere

439 3791 443 3806 ’
559 3803 675 3894 patris
695 3823 816 3871 eorum
837 3811 874 3870 et
899 3820 1044 3888 corpore
1064 3799 1199 3888 prefate
1217 3799 1380 3885 Iohanne
1399 3798 1523 3866 matris
1544 3817 1665 3865 eorum
1688 3795 1848 3885 legitime
1859 3804 2063 3884 procreatos

559 3952 646 4010 tunc
682 3941 843 4010 uiuentes
881 3949 919 4008 et
953 3940 1005 4008 sic
1040 3941 1085 4007 de
1117 3939 1233 4027 gradu
1267 3937 1306 4006 in
1337 3935 1488 4025 madum
1523 3953 1634 4022 voque
1670 3935 1718 4002 ad
1752 3933 1914 4001 ultimum
1943 3951 2064 4001 eorum

565 4081 759 4147 decessum.
814 4077 863 4146 Et
900 4077 931 4146 si
963 4097 1087 4146 omnes
1125 4095 1191 4146 sex
1226 4093 1377 4164 persone
1415 4073 1606 4176 liberorum
1645 4072 1732 4140 dicti
1761 4070 1937 4155 Iohannis
1956 4071 2065 4139 Frere

563 4214 712 4282 senioris
741 4224 777 4281 et
797 4213 960 4298 Iohanne
987 4211 1108 4280 uxoris
1133 4233 1196 4280 sue
1224 4211 1316 4278 infra
1344 4212 1486 4297 plenam
1515 4219 1646 4278 etatem
1682 4229 1784 4278 suam
1819 4207 1972 4277 obierint
2006 4207 2065 4276 vel

561 4349 658 4418 dicta
685 4351 850 4436 Iohanne
878 4351 1006 4418 obierit
1034 4359 1224 4437 antequam
1253 4350 1421 4417 maritata
1447 4347 1552 4415 buerit
1577 4347 1673 4434 quod
1701 4356 1786 4414 tunc
1813 4345 1934 4414 omnia
1969 4345 2065 4434 bona

561 4510 627 4557 sua
665 4489 826 4575 predicta
862 4489 1036 4556 dictarum
1079 4507 1144 4556 sex
1182 4507 1411 4574 personarum
1451 4495 1658 4554 remaneant
1695 4483 1941 4552 executoribus
1979 4479 2065 4550 dicti

559 4627 735 4712 Iohannis
774 4626 881 4693 Frere
918 4625 1067 4693 senioris
1104 4623 1217 4711 patris
1244 4643 1376 4691 eorum.
1436 4621 1515 4710 Qus
1546 4622 1687 4709 quidem
1718 4641 1856 4690 summa
1883 4617 2091 4707 octoginta

564 4764 734 4831 librarum
784 4764 877 4830 inter
918 4761 1073 4849 prefatos
1121 4761 1323 4844 Iohannem
1373 4757 1496 4842 filiam,
1545 4759 1731 4843 Th0mam,
1782 4758 1981 4845 Iohannem
2030 4767 2068 4824 et

566 4899 772 4982 Ricardum,
801 4897 895 4966 filios
922 4898 1009 4966 dicti
1032 4895 1206 4982 Iohannis
1234 4895 1342 4962 Frere
1371 4905 1408 4963 et
1445 4895 1608 4978 Iohanne
1643 4894 1764 4963 uxoris
1801 4912 1866 4960 sue
1897 4889 2069 4978 equaliter

564 5038 752 5104 diuidatur.
810 5036 860 5103 Et
901 5035 1058 5122 prefatus
1106 5035 1288 5120 Iohannes
1335 5031 1456 5099 Brook
1498 5029 1644 5097 eosdem
1693 5026 1895 5111 Iohannem
1944 4996 2067 5101 filiam,

562 5173 747 5250 Thomam,
761 5171 961 5256 Iohannem
975 5183 1012 5239 et
1026 5171 1231 5249 Ricardum,
1246 5167 1339 5236 filios
1355 5168 1545 5234 eorundem
1559 5164 1731 5249 Iohannis
1745 5161 1852 5229 Frere
1866 5159 2015 5228 senioris
2027 5167 2065 5226 et
