5224 6596
859 859 956 950 Ebc
979 857 1119 948 tttttc
1142 857 1240 948 liei>
1266 859 1394 949 Book
1418 858 1470 948 oi
1499 859 1687 949 nttstol.
1952 886 2025 956 ²31

519 1071 696 1139 suburbiis
725 1072 882 1158 ejusdem
911 1083 950 1138 vt
971 1071 1168 1158 predictum
1198 1081 1263 1154 est,
1293 1091 1431 1140 necnon
1471 1071 1583 1152 terris,
1613 1073 1835 1153 tenementis,
1864 1073 1952 1140 iocis
1987 1081 2030 1141 et.

517 1207 631 1276 feodis
668 1209 836 1295 predictis
874 1210 965 1276 inira
1005 1208 1223 1293 procinctum
1260 1207 1418 1294 ejusdem
1454 1209 1538 1276 ville
1576 1209 1734 1277 Bristoll.
1775 1219 1812 1276 et
1855 1211 2032 1278 suburbia.

518 1347 675 1431 ejusdem
715 1347 871 1414 habeant
905 1356 943 1413 et
978 1345 1176 1432 percipiant
1216 1346 1263 1411 ad
1303 1343 1527 1414 scaccarium
1571 1355 1731 1414 nostmm
1774 1357 1811 1414 et
1852 1348 2027 1414 heredum.

517 1493 717 1550 nostrorum
753 1503 818 1569 per
856 1501 982 1550 manus
1010 1481 1228 1550 vicecomitis
1255 1489 1293 1549 et
1320 1482 1533 1550 balliuorum
1562 1482 1766 1550 libertatum
1794 1483 1834 1550 in
1873 1503 2026 1570 quorum·

516 1621 660 1688 balliuis
687 1619 817 1687 fixerint
845 1621 936 1687 sicut
965 1639 1031 1687 nos
1060 1627 1096 1686 et
1120 1619 1268 1686 heredes
1297 1620 1409 1687 nostri
1438 1639 1482 1686 ea
1510 1620 1770 1707 perciperemus
1805 1621 1838 1688 si
1874 1622 1919 1688 ad
1955 1640 2026 1690 nos

515 1770 551 1824 et
579 1757 726 1824 heredes
754 1766 894 1824 nostros
928 1757 1105 1842 pertinere
1142 1756 1297 1839 poterint
1335 1757 1412 1823 sine
1452 1759 1637 1825 occasione
1674 1759 1732 1824 vel
1768 1757 2029 1844 impedimento

514 1893 627 1960 nostri
654 1894 712 1960 vel
740 1895 908 1962 heredum
934 1902 1132 1961 nostrorum
1156 1899 1218 1959 aut
1238 1893 1451 1960 balliuorum
1473 1913 1536 1960 seu
1558 1893 1798 1962 ministrorum
1820 1905 2027 1964 nostrorum.

514 2049 822 2117 quorumcumque,
867 2031 898 2096 si
933 2049 1013 2097 eam
1056 2029 1095 2095 in
1138 2047 1247 2096 manu
1286 2040 1408 2098 nostra
1449 2030 1725 2098 retinuissemus.
1784 2029 1833 2099 Et
1875 2032 2025 2100 ulterius

514 2169 751 2238 concessimus
801 2169 897 2254 quod
938 2167 1046 2233 iidem
1091 2165 1206 2250 Major
1249 2174 1286 2233 et
1329 2166 1573 2235 Communitas
1615 2176 1653 2235 et
1695 2187 1914 2236 successores
1964 2171 2021 2236 sui

513 2307 670 2373 habeant
733 2314 771 2372 et
827 2312 982 2385 teneant,
1040 2304 1191 2370 durante
1248 2303 1400 2370 termino
1464 2295 1633 2388 predicto,
1700 2303 1832 2380 dictam
1896 2303 2026 2372 villam.

513 2443 670 2510 Bristoli.
728 2463 809 2510 cum
874 2441 1052 2509 suburbiis
1116 2438 1288 2524 ejusdem,
1347 2457 1485 2506 necnon
1542 2447 1666 2520 terras,
1718 2449 1754 2506 et
1806 2449 2019 2522 tenemento,

513 2581 592 2648 loca
635 2590 672 2646 et
723 2579 828 2646 feoda
884 2579 1054 2665 predicta,
1104 2579 1210 2648 dictis
1252 2579 1380 2649 Castro
1429 2585 1467 2643 et
1515 2576 1660 2644 fossatis
1712 2579 1882 2664 exceptis,
1937 2597 2018 2645 cum

512 2715 719 2783 franchesiis
769 2728 806 2783 et
855 2716 1079 2784 libertatibus
1129 2717 1264 2784 eisdem
1312 2713 1613 2801 qualitercumque
1656 2715 1899 2800 spectantibus
1942 2717 2023 2780 siue·

512 2847 780 2939 pertinentibus,
801 2873 954 2920 vnacum
974 2851 1116 2936 finibus,
1138 2851 1456 2938 redempcionibus,
1486 2849 1641 2917 exitibus
1666 2859 1703 2916 et
1724 2851 2019 2932 amerciernentis,

512 2989 652 3056 catallis
679 2989 917 3075 vtlegatorum
946 2998 983 3055 et
1011 2986 1253 3075 fugitiuorum,
1286 2987 1436 3054 escaetis
1472 2997 1508 3052 et
1544 2985 1784 3066 soriniacturis,
1824 2987 2025 3054 deodandie

514 3125 605 3191 inira
633 3125 852 3210 procinctum
875 3124 971 3204 ville,
999 3124 1206 3190 comitatum
1235 3132 1272 3190 et
1301 3123 1470 3190 suburbia
1504 3121 1664 3207 predicta
1698 3131 1735 3188 et
1764 3123 1907 3209 singula
1942 3123 2028 3190 loca.

362 3325 371 3344 ,
415 3329 422 3344 ,
513 3273 587 3330 tam
624 3283 687 3348 per
726 3272 857 3328 terram
896 3280 1003 3347 quam
1040 3279 1106 3347 per
1145 3279 1275 3345 aquam
1315 3257 1407 3324 infra
1446 3259 1628 3326 libertates
1666 3271 1703 3327 et
1735 3259 2025 3347 jurisdiocionem,

513 3402 703 3467 eorundem
733 3396 974 3466 accidentibus
1003 3416 1084 3464 cum
1113 3395 1279 3462 omnibus
1308 3395 1389 3462 aliis
1410 3393 1575 3481 proficuis
1600 3395 1733 3464 ibidem
1758 3397 2017 3473 accidentibus;

513 3537 668 3604 aceciam
708 3536 829 3604 omnia
867 3532 1025 3621 proficua
1062 3543 1099 3601 et
1138 3519 1385 3612 emolumenta,
1428 3542 1502 3600 tam
1542 3534 1587 3600 de
1623 3533 1811 3618 punicione
1847 3534 1892 3600 de
1928 3533 2024 3602 salso

509 3672 643 3758 judicio
673 3672 710 3738 in
744 3691 965 3759 quacumque
1000 3670 1100 3738 curia
1135 3669 1282 3749 reddito,
1319 3688 1427 3755 quam
1464 3669 1503 3735 in
1538 3688 1758 3756 quacumque
1794 3671 1887 3736 curin
1927 3668 2023 3736 infra

512 3809 730 3894 procinctum
759 3809 844 3877 ville
871 3808 1028 3894 predicte
1057 3817 1094 3874 et
1121 3806 1291 3874 suburbia
1317 3806 1477 3892 ejusdem
1499 3807 1681 3874 adnullato
1703 3827 1767 3874 seu
1788 3807 2022 3887 adnunando,

512 3965 650 4014 necnon
709 3949 829 4016 omnia
883 3947 955 4015 alia
1011 3944 1177 4033 proficua,
1221 3946 1407 4012 thesauros
1460 3946 1634 4028 inuentos,
1685 3958 1722 4016 et
1778 3949 2021 4014 emolumenta

512 4103 734 4170 quocumque
771 4086 876 4152 modo
914 4083 1096 4150 euenerint
1132 4093 1207 4150 tam
1248 4083 1292 4149 de
1331 4081 1483 4161 forestis,
1529 4083 1655 4168 parcis,
1694 4083 1821 4162 boscis,
1866 4083 2019 4163 cheseis,

509 4221 699 4302 warennis,
731 4221 882 4307 stagnis,
912 4219 1069 4300 vinariis,
1098 4219 1276 4300 marescis,
1299 4219 1419 4300 moris,
1440 4218 1585 4286 mineris
1606 4239 1713 4305 quam
1738 4219 2021 4305 quibuscumque

511 4352 592 4419 aliis
632 4355 736 4420 rebus
773 4373 843 4439 que
883 4351 976 4419 infra
1018 4353 1140 4420 villam
1175 4355 1383 4439 predictam,
1428 4357 1634 4424 comitatum
1678 4356 1846 4441 ejusdem,
1891 4366 2014 4437 terras,

510 4499 723 4571 tenementa,
751 4490 831 4556 loca
858 4497 895 4556 et
930 4487 1034 4555 feoda
1069 4489 1229 4574 predicta
1264 4503 1303 4560 vt
1339 4493 1535 4580 predictum
1565 4503 1620 4560 est
1656 4492 1825 4560 accidere¹
1861 4493 2020 4579 poterint

510 4627 753 4713 quouismodo,
782 4626 904 4712 aliqua
930 4626 1168 4712 prerogatiua,
1199 4627 1388 4717 priuilegio
1416 4650 1482 4698 seu
1510 4629 1709 4696 iranchesia
1736 4648 1809 4696 non
1838 4631 2016 4710 obstante,

508 4765 786 4850 quibuscumque
824 4761 974 4831 escaetis
1017 4771 1188 4830 terrarum
1228 4773 1265 4832 ct
1307 4775 1585 4834 tenementorum
1626 4765 1752 4833 futuris
1796 4767 2012 4852 temporibus

507 4901 753 4969 euenientibus
791 4899 936 4967 omnino
974 4899 1143 4985 exceptis.
1202 4899 1250 4967 Et
1290 4904 1384 4988 quod
1421 4903 1528 4971 iidem
1557 4902 1674 4988 Maior
1701 4913 1739 4970 et
1768 4900 2013 4970 Communites

507 5048 545 5104 et
573 5057 791 5129 successores
816 5037 872 5104 sui
894 5037 1044 5103 durante
1066 5037 1218 5103 termino
1245 5040 1404 5124 predicto
1426 5040 1583 5106 habeant
1608 5039 1806 5124 priuilegia,
1830 5038 2015 5103 libertates

1146 5208 1379 5263 ¹15⁸oech
