5294 6592
663 825 712 897 70
999 800 1097 892 obe
1121 799 1259 892 little
1283 801 1382 892 lieo
1407 801 1535 892 lloot
1561 801 1612 894 ot
1642 798 1834 892 liristol.

661 1064 748 1142 DE
786 1065 1294 1156 CONUENCIONIBUS‚
1338 1066 1647 1156 PRESTITIS,
1687 1063 2170 1155 DETENCIONIBUS,

733 1217 1330 1298 TRANSGRESSIONIBUS
1377 1217 1581 1294 FACTIS
1628 1213 1839 1292 ΕΧΤΙΕΑι
1877 1214 2116 1293 BUNDAS

1278 1367 1554 1445 MERCATI.

791 1513 882 1584 Cum
909 1515 1080 1602 placitum
1110 1527 1296 1588 moueatur
1332 1518 1370 1584 in
1402 1516 1511 1585 Curia
1535 1535 1599 1584 seu
1624 1515 1699 1584 foro
1735 1513 1882 1583 mercati
1924 1513 1972 1583 ds
2004 1535 2043 1582 re
2077 1513 2173 1582 facta

659 1663 763 1722 extra
800 1653 932 1722 limites
965 1655 1112 1724 mercati
1152 1675 1226 1723 non
1263 1665 1408 1742 propter
1446 1655 1515 1722 boc
1557 1673 1630 1722 non
1673 1651 1872 1720 dimittam
1910 1651 1997 1739 quio
2037 1651 2169 1720 ibidem

659 1790 874 1858 discuciatur
908 1790 1090 1877 placitum,
1120 1784 1164 1858 si'
1182 1791 1243 1858 ille
1272 1791 1373 1858 ouius
1398 1790 1558 1858 intererit
1582 1789 1733 1877 probare
1759 1787 1939 1855 accionem
1962 1787 2021 1853 vel
2050 1784 2170 1855 deien-

658 1925 795 1993 sionem
828 1945 929 1994 suam
965 1947 1030 2013 per
1063 1927 1849 2014 iacnrmseupersectametydoneorum
1878 1921 2024 1990 testium
2054 1923 2171 1990 inten-

657 2061 796 2131 cionem
825 2081 927 2130 suam
956 2063 1089 2132 ibidem
1113 2065 1264 2154 probare
1289 2065 1420 2132 valeat.

1022 2285 1110 2364 DE
1157 2284 1398 2363 IUDICIIS
1446 2281 1802 2361 REDDENDIS.

786 2433 830 2501 In
851 2435 949 2501 omni
978 2435 1076 2502 curia
1104 2435 1252 2503 mercati
1287 2434 1432 2522 singule
1459 2433 1592 2502 iudicia
1626 2431 1727 2500 reddi
1762 2433 1894 2500 debent
1929 2452 1994 2520 por
2037 2451 2170 2500 merca·

655 2573 752 2638 tores
776 2573 934 2640 eiusdem
963 2571 1069 2642 Curio
1091 2583 1127 2642 et
1152 2591 1225 2640 non
1255 2591 1319 2658 per
1353 2571 1523 2639 maiorem
1550 2588 1617 2637 nec
1646 2589 1711 2655 per
1744 2569 1980 2637 senescallum
2010 2569 2167 2637 mercati.

655 2705 705 2773 Et
730 2707 761 2774 si
785 2708 989 2776 huiusmodi
1017 2718 1229 2778 mercatores
1251 2717 1289 2774 et
1307 2706 1524 2776 senescallus
1548 2725 1587 2773 se
1604 2705 1838 2792 quouismodo
1861 2705 2101 2775 intromittant
2122 2709 2168 2774 ud

656 2843 873 2910 reddendum
902 2845 1034 2912 iudicia
1062 2847 1100 2914 in
1127 2845 1330 2914 huiusmodi
1360 2843 1468 2912 Curia
1492 2861 1572 2908 cum
1598 2842 1646 2908 ad
1674 2861 1737 2910 eos
1772 2862 1846 2911 non
1882 2842 2097 2928 pertineant,
2130 2852 2167 2909 et

656 2978 787 3047 iudicia
822 2981 887 3048 illa
929 2991 1149 3069 exequantur
1184 3001 1248 3050 seu
1284 2981 1489 3048 exeoucioni
1536 2979 1770 3065 quouismodo
1816 2979 2031 3047 demandent
2076 2982 2170 3047 vnde

657 3117 787 3203 aliquis
816 3119 953 3186 senciat
980 3137 1020 3186 se
1062 3137 1110 3186 ex
1148 3117 1351 3185 huiusmodi
1388 3114 1520 3183 iudicio
1559 3123 1596 3181 et
1626 3099 1712 3180 'eius
1757 3113 1976 3183 executione
2015 3114 2169 3202 grauari,

656 3254 734 3322 siue
758 3254 926 3323 iudicium
955 3254 1044 3323 illud
1071 3253 1177 3324 iuuerit
1205 3255 1244 3322 in
1272 3273 1312 3322 se
1340 3254 1472 3320 iustum
1505 3251 1582 3318 siue
1618 3250 1789 3319 iniustum
1825 3251 1897 3320 nisi
1925 3250 2016 3320 forte
2046 3271 2166 3318 coram

656 3391 889 3458 sectatoribus
942 3391 1111 3478 predictis
1167 3389 1393 3477 postmodum
1443 3387 1547 3454 fixerit
1598 3396 1771 3455 ructatum
1820 3398 1858 3455 et
1908 3407 1972 3474 per
2022 3389 2164 3457 eosdem

655 3532 890 3614 approbatum
919 3540 956 3598 et
984 3529 1023 3598 in
1044 3549 1166 3600 eorum
1188 3529 1314 3596 rotulis
1343 3528 1577 3608 irrondetum,
1607 3526 1740 3594 habeat
1771 3527 1833 3595 ille
1863 3537 2034 3614 manabis
2062 3545 2163 3595 auam

653 3664 958 3750 recuperacionem
995 3675 1071 3734 tam
1109 3685 1231 3735 versus
1269 3665 1449 3746 maiorem,
1490 3663 1724 3732 senescallum
1763 3681 1826 3730 seu
1859 3664 1969 3730 alium
2006 3663 2164 3731 eiusdem

653 3801 800 3869 mercati
838 3802 1056 3889 prepositum
1100 3804 1162 3892 qui
1196 3803 1248 3872 ita
1286 3802 1408 3870 fecerit
1445 3819 1553 3886 quam
1589 3819 1712 3866 versus
1746 3798 1828 3867 illos
1863 3801 1926 3888 qui
1961 3799 2166 3869 huiusmodi

653 3937 821 4006 iudicium
850 3940 896 4007 de
935 3960 1056 4009 eorum
1096 3950 1263 4028 preoepto
1300 3949 1498 4026 exequatur
1537 3958 1602 4024 per
1640 3937 1749 4004 breue
1789 3937 1924 4004 domini
1965 3937 2081 4024 Regis
2120 3937 2165 4004 do

653 4077 935 4164 transgressione
973 4089 1014 4146 vt
1052 4081 1099 4148 de
1134 4097 1173 4145 re
1209 4077 1305 4146 facta
1340 4077 1385 4144 de
1428 4095 1549 4144 eorum
1587 4073 1731 4161 propria
1781 4073 1910 4140 iniuria
1957 4083 1994 4141 et
2041 4083 2166 4142 contra

652 4213 771 4299 legem
835 4224 872 4283 et
937 4217 1227 4285 consuetudinem
1293 4225 1331 4282 ot
1395 4221 1519 4280 conus
1584 4213 1701 4300 legem
1767 4211 2024 4278 mercatoriam.
2118 4209 2166 4278 Et

653 4348 769 4416 sciant
817 4351 1021 4419 huiusmodi
1062 4351 1225 4432 maiores,
1273 4351 1459 4418 senescalli
1509 4359 1546 4416 et
1586 4349 1649 4415 alii
1688 4348 1750 4436 qui
1800 4347 2002 4416 huiusmodi
2047 4348 2164 4416 curias

653 4492 777 4551 tenent
825 4487 921 4572 quod
978 4505 1058 4554 cum
1116 4487 1155 4554 in
1210 4486 1353 4558 Curiam
1411 4485 1546 4555 domini
1605 4483 1722 4572 Regis
1779 4503 1899 4551 coram
1950 4483 2164 4567 Justiciariis

652 4621 814 4688 venerint
863 4623 1066 4693 huiusmodi
1115 4625 1344 4714 querentibus
1394 4623 1478 4690 inde
1527 4619 1742 4708 responsuri,
1795 4639 1866 4686 non
1918 4629 2084 4706 poterunt
2128 4621 2167 4689 in

652 4755 854 4827 huiusmodi
883 4761 1035 4847 querelis
1057 4763 1192 4829 rotulos
1221 4781 1304 4829 suos
1333 4759 1496 4848 proprios
1527 4759 1573 4824 nd
1603 4775 1687 4824 suaa
1726 4757 1889 4843 proprias
1916 4758 2168 4825 exouaciones

653 4896 838 4964 aduncare.
904 4897 970 4966 Set
1016 4909 1228 4988 oportunum
1271 4908 1327 4966 est
1378 4896 1474 4982 quod
1517 4893 1570 4960 rei
1607 4893 1740 4960 veritas
1777 4914 1884 4980 super
1925 4893 2025 4962 finali
2068 4895 2167 4962 exitu

653 5031 856 5102 huiusmodi
883 5039 1025 5122 querele
1052 5057 1116 5104 seu
1141 5035 1266 5123 placiti
1293 5055 1417 5103 versus
1444 5052 1507 5101 eos
1536 5029 1624 5098 moti
1653 5030 1852 5117 inquiratur
1879 5052 1943 5120 per
1970 5033 2102 5120 probos
2128 5041 2166 5101 et

1316 5193 1406 5247 ¹rrs.
1423 5195 1508 5247 usus
