5294 6592
662 815 713 903 48
1005 804 1101 894 133
1125 801 1263 892 little
1287 805 1385 895 1133
1411 807 1539 898 Boou
1565 807 1615 938 et
1646 806 1831 898 11313131.

951 1041 1400 1120 SACRAMENTUM
1433 1045 1885 1125 RECORDATORIS.

793 1217 865 1288 Ceo
880 1228 981 1304 oyetz
1002 1239 1091 1284 vous
1112 1217 1227 1284 Msire
1249 1229 1285 1286 et
1303 1220 1415 1287 bones
1436 1232 1543 1308 gentz
1565 1243 1610 1308 qe
1631 1221 1688 1290 133
1710 1242 1829 1310 serrey
1849 1221 1946 1308 foyal
1968 1231 2005 1289 et
2026 1223 2124 1309 loyel
2146 1243 2170 1290 3

663 1364 765 1424 notre
778 1373 933 1441 seygnur
946 1353 981 1420 le
996 1351 1077 1438 Rey
1091 1351 1244 1420 Edwerd
1259 1363 1295 1420 et
1310 1372 1333 1419 3
1347 1373 1404 1420 ses
1418 1355 1524 1444 heyrs
1538 1366 1575 1423 et
1593 1376 1639 1422 eu
1661 1356 1772 1422 meite
1793 1364 1830 1422 et
1850 1355 1888 1420 13
1909 1357 2167 1424 eommuneltee

663 1489 708 1556 de
729 1487 890 1555 Bristuit.
934 1487 981 1554 Et
1000 1488 1127 1556 solonk
1145 1507 1208 1554 sen
1231 1508 1276 1574 qe
1290 1489 1398 1556 dieux
1413 1509 1470 1556 me
1485 1490 1591 1556 dom
1605 1490 1801 1577 loyalment
1814 1491 1893 1556 lour
1907 1491 2167 1578 eounseylerey.

664 1625 712 1694 Et
733 1626 768 1692 le
789 1625 956 1711 counseyl
974 1625 1009 1692 le
1022 1625 1094 1692 dist
1108 1635 1209 1692 notre
1223 1643 1378 1712 seygnur
1393 1625 1428 1690 le
1443 1625 1526 1711 Rey
1540 1637 1576 1691 et
1586 1625 1621 1692 le
1633 1627 1801 1712 counseyl
1812 1626 1857 1691 de
1872 1625 1909 1691 13
1921 1625 2007 1692 ville
2021 1627 2167 1712 celerey.

663 1763 712 1831 Et
734 1763 928 1850 loyelment
952 1763 1007 1828 les
1035 1763 1113 1846 plez
1137 1763 1259 1846 pledez
1284 1782 1328 1829 en
1353 1763 1392 1828 13
1412 1763 1569 1849 gyhalde
1591 1763 1636 1830 de
1658 1763 1695 1828 13
1721 1763 1812 1828 diste
1834 1763 1918 1828 ville
1940 1763 2095 1829 deveunt
2116 1765 2168 1830 les

664 1898 754 1966 distz
775 1898 886 1964 maire
907 1907 944 1965 et
967 1895 1101 1964 baillifs
1127 1919 1150 1964 3
1172 1917 1256 1964 mon
1279 1899 1381 1983 poair
1403 1901 1619 1987 recorderey.
1664 1899 1713 1966 Et
1734 1919 1779 1966 en
1802 1900 1900 1966 roule
1917 1901 1970 1966 les
1984 1909 2109 1986 entrey
2123 1919 2169 1966 ou

663 2035 742 2122 frey
770 2045 895 2102 entrer.
955 2035 1003 2102 Et
1033 2035 1116 2101 nule
1147 2033 1247 2101 13333
1276 2036 1416 2120 querele
1445 2055 1491 2102 ne
1520 2037 1775 2124 meyntendrey
1803 2056 1849 2101 ne
1878 2037 1971 2123 sltry
1999 2037 2103 2122 droyt
2124 2055 2169 2102 ne

664 2173 914 2260 destourberey
928 2193 950 2238 3
964 2191 1048 2239 mon
1063 2171 1208 2240 escient.
1253 2171 1301 2238 Et
1315 2173 1352 2240 13
1366 2171 1567 2241 freunchise
1581 2181 1618 2238 et
1632 2173 1669 2238 13
1682 2191 1766 2258 3333
1783 2171 1828 2238 (13
1843 2181 1938 2238 ceste
1950 2171 2036 2239 ville
2050 2193 2072 2238 3
2087 2193 2170 2240 mon

664 2307 765 2394 poeir
781 2307 964 2397 gerderey,
984 2329 1132 2398 severey
1160 2321 1195 2378 et
1219 2311 1418 2398 defendrey.
1473 2311 1520 2378 Et
1543 2322 1640 2379 toutz
1662 2314 1715 2379 les
1736 2311 1865 2400 bryefs,
1892 2313 2168 2394 commissiones,

664 2445 969 2512 remembreunces
983 2454 1019 2511 et
1033 2455 1125 2512 totes
1140 2446 1247 2512 altres
1270 2450 1394 2514 choses
1418 2415 1628 2515 tochauntes
1648 2448 1685 2514 la
1706 2450 1943 2516 communelte
1965 2449 2170 2516 evauntdite

665 2601 786 2670 smoy
798 2583 936 2670 lyverez
956 2581 1152 2650 salvement
1166 2585 1348 2671 garderey.
1392 2585 1441 2653 Et
1455 2594 1547 2652 tetes
1562 2586 1669 2652 altres
1686 2587 1810 2652 choses
1826 2587 2036 2654 tocheuntes
2057 2583 2170 2654 loffioe

665 2719 710 2785 de
725 2737 889 2784 commun
902 2718 1089 2784 recordour
1102 2719 1296 2806 loyelment
1310 2719 1388 2806 frey
1406 2741 1428 2786 3
1448 2741 1530 2788 mon
1554 2721 1690 2788 ascient
1713 2741 1755 2807 sy
1776 2721 1884 2788 dieux
1905 2722 2031 2809 meyde
2052 2731 2090 2789 et
2109 2723 2172 2810 luy

667 2865 800 2942 seyntz.

883 3102 1331 3182 SACRAMENTUM
1370 3105 1605 3185 CLERJCJ
1643 3109 1951 3187 COMMUNJS.

797 3279 983 3348 331333
998 3299 1071 3348 was
1084 3279 1225 3368 pentae
1239 3281 1288 3369 by
1302 3281 1394 3352 Mus
1409 3283 1449 3350 1„
1464 3283 1505 3350 T.
1521 3282 1639 3352 smus
1659 3284 1697 3352 in
1711 3283 1866 3351 333εέ
1879 3281 2069 3366 seem,
2085 3294 2170 3352 note

667 3437 703 3506 1²·
721 3437 772 3502 33,
788 3415 878 3484 from
891 3415 1172 3486 montuosae
1186 3419 1300 3488 Book.

885 3709 1334 3788 SACRAMENTUM
1371 3710 1607 3788 CLERJCJ
1647 3711 1686 3787 T
1684 3710 1951 3790 UNDERE.¹

797 3883 870 3954 Ceo
891 3894 992 3973 oyetz
1013 3903 1102 3952 vous
1123 3883 1239 3952 Meire
1260 3896 1296 3953 et
1317 3886 1428 3954 bones
1450 3897 1557 3974 gente
1579 3907 1625 3972 qe
1645 3887 1702 3953 133
1724 3906 1845 3974 333333
1866 3885 1961 3974 foyel
1983 3896 2020 3953 et
2036 3885 2171 3972 loyals

666 4034 768 4092 notre
783 4041 938 4111 seygnur
951 4023 986 4092 le
999 4022 1084 4110 Roy
1098 4021 1141 4089 E.
1156 4031 1193 4089 et
1207 4042 1228 4088 3
1243 4023 1297 4090 les
1311 4023 1422 4090 maire
1438 4034 1474 4091 et
1489 4027 1524 4090 13
1540 4025 1799 4092 eommuneltee
1820 4023 1866 4088 de
1888 4023 1932 4089 B.
1977 4021 2026 4088 Et
2047 4019 2175 4088 solonk

666 4165 701 4232 le
715 4183 779 4230 sen
794 4181 839 4247 qe
853 4161 960 4227 dieux
974 4179 1031 4226 me
1046 4160 1152 4226 duna
1165 4161 1361 4247 loyelment
1374 4160 1453 4227 leur
1467 4161 1728 4246 eounseylerey.
1765 4158 1813 4226 Et
1825 4159 1860 4224 le
1871 4156 2041 4243 counseyl
2054 4155 2089 4223 13
2103 4154 2175 4222 dist

668 4309 769 4368 notre
783 4317 940 4386 seygnur
953 4297 988 4362 le
1002 4295 1085 4383 Rey
1098 4306 1135 4364 et
1149 4295 1194 4362 de
1208 4297 1245 4362 13
1259 4297 1343 4364 ville
1360 4299 1507 4386 eelerey.
1553 4299 1601 4366 Et
1622 4298 1817 4385 loyalment
1831 4297 1884 4364 les
1898 4294 1977 4382 plez
1992 4293 2115 4379 pledez
2130 4310 2176 4359 33

667 4436 705 4502 13
718 4435 891 4522 toundrye
905 4433 951 4500 de
965 4433 1002 4500 13
1016 4431 1107 4500 diste
1121 4431 1206 4499 ville
1221 4452 1266 4499 33
1285 4435 1383 4501 roule
1404 4444 1528 4522 entrey
1551 4454 1598 4500 ou
1619 4433 1696 4520 frey
1718 4443 1845 4501 entrer.
1890 4431 1938 4499 Et
1960 4432 2057 4497 nulle
2077 4429 2177 4496 13333

668 4570 809 4659 querele
822 4589 869 4638 33
883 4569 1159 4659 meynteyndrey
1172 4589 1219 4638 33
1233 4579 1336 4657 eutry
1352 4571 1456 4658 droyt
1477 4589 1523 4636 33
1546 4570 1796 4656 destourberey
1817 4589 1863 4635 33
1885 4569 2083 4655 delsyerey.
2128 4565 2177 4642 Et

669 4712 706 4778 13
726 4707 936 4790 1333331133,
958 4707 994 4772 13
1016 4725 1112 4792 3333,
1127 4707 1180 4774 les
1194 4717 1371 4776 custumes
1391 4716 1428 4774 et
1453 4707 1688 4775 ordineunces
1709 4706 1755 4772 de
1776 4714 1871 4773 ceste
1892 4705 1977 4772 ville
1999 4724 2043 4790 qe
2065 4704 2178 4772 bones

669 4859 776 4918 sount
804 4865 827 4914 3
851 4863 958 4912 moun
979 4842 1082 4930 poair
1102 4846 1275 4932 garderey
1296 4854 1333 4912 et
1356 4843 1580 4932 defenderey.
1635 4843 1684 4910 Et
1708 4853 1803 4910 toutz
1827 4843 1880 4909 les
1902 4839 2022 4921 briefs,
2048 4839 2176 4919 toules,

669 4984 974 5056 remembraunees
988 4990 1025 5048 et
1039 4989 1132 5050 tetes
1149 4983 1256 5050 altres
1276 4982 1402 5048 choses
1424 5001 1447 5048 3
1469 4983 1506 5049 13
1529 4981 1622 5047 diste
1646 4981 1749 5066 place
1772 4981 1960 5046 tocheuntz
1983 4976 2179 5046 selvement

898 5153 908 5185 ¹
929 5153 961 5220 (?)
972 5153 1029 5206 The
1040 5153 1152 5206 Couutet
1161 5167 1190 5204 or
1199 5151 1285 5204 Tolsel
1296 5152 1341 5222 (cs.
1353 5152 1466 5204 Rieut's
1476 5151 1617 5213 Keleudnt,
1628 5167 1673 5218 pp.
1686 5160 1716 5218 75
1729 5153 1809 5216 (note)
1820 5149 1871 5201 eud
1882 5148 1934 5216 13).
