5224 6596
607 891 681 961 216
949 879 1046 971 ube
1070 878 1209 970 little
1233 877 1332 970 ilco
1356 878 1486 970 Boot
1510 876 1562 968 ol
1585 879 1773 970 §liutol-

604 1093 765 1162 concessi
793 1093 952 1180 predicto
980 1093 1124 1162 domino
1152 1093 1271 1162 Devld
1300 1103 1337 1160 et
1365 1093 1443 1180 ejus
1470 1095 1732 1162 successoribus
1767 1094 1962 1182 capellanis
1998 1105 2111 1164 totum

603 1231 693 1300 illud
720 1240 961 1300 tenementum
990 1251 1107 1301 meum
1136 1251 1217 1300 cum
1246 1231 1321 1299 suis
1349 1229 1579 1318 pertinenciis
1610 1230 1705 1316 quod
1741 1228 1945 1298 willelmus
1979 1229 2113 1298 Bekes·

601 1369 705 1436 welle
732 1369 791 1438 die
820 1367 1055 1438 confeccionis
1082 1368 1304 1454 presencium
1336 1367 1462 1449 tenuit,
1499 1366 1670 1434 situatum
1706 1369 1744 1434 in
1782 1369 1907 1436 ecdem
1944 1371 2112 1438 suburbio

602 1525 709 1592 super
757 1509 906 1576 haecum
955 1502 1109 1574 Abbone
1158 1503 1252 1571 inter
1302 1521 1523 1571 communem
1573 1504 1669 1571 viem
1728 1504 1860 1572 ibidem
1910 1525 1958 1572 ex
2010 1515 2115 1594 purte

604 1641 825 1726 occidentali,
861 1653 898 1710 et
933 1650 1172 1710 tenementum
1208 1660 1322 1728 nuper
1356 1639 1505 1708 Ricardi
1541 1637 1681 1710 Hcrlok
1716 1660 1762 1710 ex
1797 1649 1900 1728 purte
1934 1642 2109 1724 orientali,

599 1789 639 1846 et
675 1779 833 1846 continet
869 1779 1120 1866 septemdecim
1156 1779 1265 1864 pedes
1301 1786 1338 1844 et
1373 1787 1453 1844 octo
1496 1779 1644 1866 pollices
1681 1779 1720 1846 in
1758 1779 1958 1862 latitudine,
1994 1791 2031 1848 et
2070 1781 2108 1848 in

599 1914 824 2002 longitndine
866 1915 995 2004 viginti
1039 1927 1176 2004 septem
1213 1919 1322 2004 pedes
1358 1927 1395 1986 et
1430 1923 1511 1986 octo
1553 1917 1713 2004 pollices.
1778 1917 1874 1986 Dedi
1915 1919 2029 1987 eciem
2072 1929 2110 1986 et

457 2142 460 2148 ¹
599 2052 761 2120 concessi
789 2053 922 2121 etheo
950 2055 1107 2138 presenti
1136 2063 1235 2120 certe
1263 2073 1345 2122 mee
1372 2052 1579 2121 conlirmeui
1614 2049 1773 2138 predicto
1808 2053 1953 2120 domino
1987 2053 2108 2121 David

600 2199 640 2256 et
674 2189 752 2275 ejus
787 2189 1047 2258 successoribus
1082 2189 1278 2277 capellanis
1318 2199 1431 2258 totum
1474 2190 1564 2258 illud
1599 2199 1838 2258 tenementum
1874 2211 1992 2260 meum
2027 2209 2108 2259 cum

603 2323 677 2391 suis
704 2324 934 2410 pertinenciis
962 2325 999 2392 in
1027 2343 1099 2412 quo
1127 2325 1254 2415 Agnes
1276 2323 1390 2394 fiolis
1412 2337 1448 2394 et
1470 2325 1648 2394 Ricardus
1669 2337 1744 2394 ette
1764 2325 1916 2408 Wodde,
1937 2327 2108 2410 Tnillour,

601 2462 662 2528 die
701 2461 935 2530 confessionis
978 2463 1210 2548 presencium,
1247 2462 1535 2531 inhabiteuerunt
1567 2465 1660 2532 inter
1695 2472 1934 2531 tenementum
1973 2465 2110 2534 Th0me

601 2595 872 2687 Glestyngbury
899 2617 945 2666 ex
980 2607 1082 2686 parte
1119 2599 1342 2682 occidentali,
1378 2609 1416 2668 et
1451 2610 1691 2668 tenementum
1728 2599 1876 2668 Henrici
1912 2601 2109 2690 Cobyndcn

601 2745 639 2802 et
654 2733 816 2835 ‘Ricerdi
845 2735 1015 2804 P'eeutrer
1043 2755 1089 2802 ex
1118 2745 1220 2822 perte
1248 2735 1422 2816 orientali,
1453 2743 1490 2802 et
1518 2737 1677 2805 continet
1712 2737 1751 2804 in
1786 2733 1975 2806 latitudine
2005 2740 2111 2826 iuxta

602 2871 698 2938 viem
741 2873 877 2960 regiam
920 2873 1051 2961 viginti
1086 2883 1238 2961 quantor
1280 2873 1429 2960 septem¹
1467 2875 1577 2960 pedes
1615 2884 1653 2943 et
1689 2885 1770 2942 octo
1806 2875 1963 2962 pollices,
2000 2885 2037 2944 et
2072 2877 2110 2944 in

602 3007 825 3094 longitudine
854 3008 1031 3078 sexdecim
1061 3011 1170 3096 pedes
1197 3018 1236 3077 et
1264 3010 1415 3079 situatur
1442 3011 1480 3077 in
1510 3010 1677 3078 suburbio
1710 3013 1870 3098 predicto
1906 3013 1944 3078 in
1981 3013 2109 3080 Balde·

603 3155 782 3232 wynstret.
848 3145 942 3214 Dedi
982 3147 1095 3215 eciem
1133 3157 1170 3215 et
1208 3130 1376 3236 concessi
1404 3147 1565 3235 predicto
1603 3149 1747 3216 domino
1790 3148 1911 3216 David
1953 3160 1990 3218 et
2033 3151 2110 3236 ejus

600 3281 863 3350 successoribus
891 3283 1087 3370 capellanis
1115 3293 1230 3352 totum
1259 3285 1349 3352 illud
1377 3293 1618 3352 tenementum
1654 3303 1735 3352 cum
1771 3283 1846 3352 suis
1881 3283 2109 3370 pertinenciis

601 3421 697 3506 quod
734 3420 912 3489 Ricerdus
949 3420 1147 3511 Cobyndon
1194 3425 1240 3492 de
1278 3443 1337 3490 me
1381 3431 1480 3490 tenet
1529 3421 1623 3488 inter
1672 3429 1912 3488 tenementum
1955 3421 1995 3486 in
2037 3439 2108 3506 quo

601 3557 782 3641 Jchennes
809 3557 1050 3646 Baltesburgh
1077 3561 1136 3629 die
1165 3560 1399 3628 confeccionis
1426 3557 1647 3645 presencium
1676 3555 1890 3624 inhabiteuit
1925 3573 1973 3622 ex
2006 3563 2108 3640 perte

601 3715 673 3762 vnn
701 3708 737 3764 et
772 3707 1011 3766 tenementum
1048 3717 1165 3766 meum
1201 3699 1297 3785 quod
1331 3697 1513 3781 Johennes
1547 3695 1769 3782 Thornbury,
1806 3693 1935 3774 Baiter,
1971 3691 2018 3757 de
2051 3711 2110 3758 me

602 3841 775 3899 tenetes
802 3841 903 3920 parte
932 3834 1054 3916 ultera,
1084 3845 1121 3902 et
1149 3833 1307 3902 continet
1342 3833 1380 3899 in
1417 3793 1607 3900 latitudine
1648 3829 1779 3918 viginti
1817 3838 1970 3916 quatuor
2003 3829 2113 3915 pedes

602 3979 639 4036 et
672 3970 828 4057 quinque
866 3971 1023 4057 pollices,
1065 3980 1102 4038 et
1145 3971 1183 4038 in
1226 3969 1451 4058 longitudine
1495 3977 1647 4049 centum,
1697 3967 1888 4054 sexaginte
1929 3973 1966 4032 et
2001 3983 2111 4032 vnum

604 4106 731 4191 pedem
764 4107 841 4197 (sic)
873 4119 911 4176 et
939 4109 1090 4176 sinuatur
1118 4107 1156 4175 in
1185 4107 1280 4174 dioto
1310 4107 1479 4174 suburbio
1508 4125 1614 4192 super
1639 4107 1787 4172 beccum
1809 4101 1973 4169 Abbone.
2018 4098 2113 4167 Dedi

604 4245 812 4330 insuperet
840 4245 999 4314 concessi
1027 4245 1160 4313 etheo
1188 4244 1344 4332 presenti
1373 4253 1472 4311 carta
1506 4253 1588 4311 mee
1623 4239 1829 4309 confirmcui
1864 4237 2111 4327 prenominato

604 4380 723 4450 David
752 4395 788 4450 et
817 4384 893 4470 ejus
922 4383 1183 4452 successoribus
1219 4382 1413 4470 capellanis
1449 4391 1563 4448 totum
1599 4381 1688 4448 illud
1724 4387 1963 4447 tenementum
1993 4395 2110 4443 meum

603 4539 684 4588 cum
721 4520 795 4588 suis
829 4521 1057 4608 pertinenciis
1091 4521 1186 4607 quod
1220 4519 1402 4604 Johannes
1437 4517 1658 4606 Thombury,
1695 4515 1823 4597 Bokcr,
1853 4533 1948 4583 nunc
1976 4516 2022 4581 de
2050 4530 2108 4579 me

605 4668 703 4725 tenet
724 4657 892 4724 simarum
914 4657 1070 4725 indicto
1091 4654 1258 4725 suburbio
1280 4675 1386 4742 super
1406 4655 1554 4722 beccum
1577 4651 1732 4720 Abbom
1757 4651 1850 4720 inter
1872 4657 2112 4718 tenementum
2192 4669 2194 4671 ·

607 4811 725 4861 meum
754 4793 849 4880 quod
877 4793 1056 4880 predictus
1091 4791 1270 4860 Ricardus
1306 4789 1503 4880 Cobyndon
1539 4788 1717 4857 inhabitet
1752 4808 1799 4856 ex
1833 4795 1935 4875 perte
1969 4805 2042 4854 vne
2077 4793 2114 4851 et

604 4941 851 5000 ¹tenementum
890 4931 971 4998 Ade
1008 4930 1152 4998 Veltere
1188 4949 1235 4997 en
1273 4939 1375 5016 parte
1413 4930 1536 5010 altera,
1575 4937 1613 4994 et
1650 4925 1809 4994 continet
1851 4923 1890 4989 in
1926 4919 2114 4989 latitudine

681 5117 1008 5180 miserrumum
1026 5105 2118 5187 mentlyromeooniusionhrssriscnlromsslmllmmemmeintheprecediug

605 5233 762 5304 usnemu

1394 5397 1443 5460 s.
