5224 6596
825 841 922 954 libe
947 842 1087 933 little
1111 842 1209 933 lico
1234 842 1363 933 Boot
1388 843 1439 934 ot
1468 845 1655 939 llrtstoi
1920 857 1991 950 165

485 1055 706 1144 mocinctum
733 1055 892 1125 dusdsm
931 1055 1026 1137 ville,
1063 1055 1190 1124 Castro
1225 1064 1263 1123 et
1296 1053 1441 1126 messus
1475 1058 1633 1128 eusdem
1670 1056 1787 1129 Castri
1822 1063 1992 1148 exceptis,

486 1217 552 1286 pro
579 1197 709 1264 delicto
738 1215 803 1265 suo
831 1195 943 1264 vitam
971 1196 1029 1264 vel
1064 1195 1260 1264 membrum
1291 1195 1447 1264 debeant
1482 1194 1643 1265 amittere
1670 1197 1730 1264 vel
1765 1195 1920 1285 lugerint
1955 1207 1993 1266 et

476 1291 619 1400 'iudicio
655 1342 751 1400 stare
787 1331 975 1412 noluerint,
1011 1333 1070 1400 vei
1106 1332 1250 1419 aliquod
1286 1333 1454 1400 delictum
1489 1331 1636 1404 noennt
1671 1354 1736 1420 pro
1764 1352 1836 1421 quo
1864 1295 2011 1402 catalis·

486 1489 553 1538 sua
573 1469 727 1537 debeant
755 1467 902 1555 perdere
926 1467 1139 1554 ubicumque
1163 1467 1209 1535 de
1233 1466 1287 1535 eis
1315 1466 1457 1536 iusticia
1478 1467 1555 1536 fieri
1580 1469 1710 1537 debeat
1732 1467 1809 1538 sive
1833 1469 1871 1538 in
1896 1471 1997 1538 curie

486 1605 636 1694 predicti
675 1603 955 1672 metuendissimi
994 1603 1130 1672 domini
1169 1603 1241 1672 mei
1284 1603 1400 1692 Regis
1439 1605 1497 1672 vel
1536 1604 1705 1672 heredum
1744 1625 1897 1687 suenum,
1936 1607 1994 1676 vel

486 1741 610 1822 nostri,
639 1740 714 1808 sive
743 1739 781 1807 in
810 1739 892 1807 aliis
920 1739 1027 1806 curiis
1054 1738 1135 1826 ipsa
1169 1741 1301 1806 catalla
1336 1740 1409 1806 sint
1445 1739 1601 1826 ipsorum
1636 1738 1786 1808 Maioris
1814 1750 1852 1809 et
1886 1741 1992 1811 Com·

486 1878 671 1947 munitatis
693 1887 730 1944 et
750 1895 993 1944 successorum
1015 1895 1157 1944 suorum
1179 1876 1331 1943 durante
1352 1875 1427 1943 vita
1447 1884 1580 1943 nostra.
1624 1875 1673 1944 lit
1694 1877 1800 1945 liceat
1820 1877 1993 1946 ministris

485 2014 643 2104 ipsorum
673 2013 822 2082 Maioris
851 2022 888 2080 et
917 2012 1191 2081 communitatis
1219 2021 1256 2079 et
1289 2031 1529 2080 successorum
1558 2031 1711 2095 suorum,
1742 2015 1892 2082 durante
1919 2016 1997 2082 vite

486 2159 620 2232 nostra,
657 2151 734 2218 sine
769 2147 957 2216 occasione
987 2150 1046 2215 vel
1081 2145 1336 2234 impedimento
1364 2147 1515 2235 predicti
1550 2149 1831 2218 metuendissimi
1859 2150 1997 2218 domini

487 2287 558 2355 mei
582 2285 698 2372 Regis
720 2293 758 2352 et
779 2283 949 2350 heredum
975 2302 1117 2350 suorum
1143 2284 1201 2350 vel
1226 2282 1348 2364 nostri,
1370 2284 1616 2352 vicecomitum
1637 2295 1701 2352 aut
1721 2287 1870 2354 aliorum
1890 2287 1998 2356 balli·

487 2441 611 2490 vontm
640 2439 703 2488 seu
731 2419 972 2488 ministrorum
997 2437 1139 2485 suorum
1163 2419 1222 2485 vei
1246 2418 1416 2486 heredum
1441 2439 1585 2488 suorum
1610 2441 1912 2511 quorumcumque
1936 2425 1995 2492 vel

487 2571 697 2642 nosbonrm,
741 2577 873 2647 ponere
915 2558 1014 2644 ipsos
1055 2556 1230 2624 Maiorem
1270 2565 1308 2624 et
1350 2556 1648 2626 communitatem
1692 2567 1730 2626 et
1773 2579 1995 2628 successores

488 2719 572 2768 suos
607 2700 757 2766 durante
791 2695 866 2762 vita
901 2704 1024 2762 nostra
1058 2694 1097 2760 in
1134 2693 1302 2762 seisinsm
1337 2694 1383 2760 de
1416 2695 1557 2762 catellis
1591 2697 1761 2782 predictis
1795 2707 1832 2764 et
1867 2717 1912 2763 ea
1947 2697 1993 2764 sd

487 2856 589 2904 veum
626 2854 728 2901 suum
763 2831 925 2900 retinere.
983 2829 1032 2898 Et
1066 2831 1180 2898 eciam
1219 2831 1315 2918 quod
1353 2831 1503 2918 predicti
1540 2831 1659 2898 Maior
1686 2840 1723 2898 et
1752 2829 1999 2899 Commuuitas

488 2983 526 3040 et
565 2989 785 3038 successores
823 2969 878 3034 sui
917 2968 1075 3035 habeant
1114 2969 1162 3034 ad
1201 2977 1314 3035 totam
1349 2969 1460 3036 vitem
1500 2978 1658 3036 nostram
1698 2969 1737 3036 in
1775 2965 1872 3035 dicta
1909 2967 1999 3034 villa

489 3108 646 3176 Bristoll.
680 3115 718 3175 et
751 3104 930 3173 suburbiis
965 3104 1133 3184 eiusdem,
1170 3123 1310 3172 necnon
1347 3104 1386 3170 in
1421 3105 1587 3171 omnibus
1622 3105 1737 3186 terris,
1774 3103 1998 3185 tenementis,

488 3246 577 3314 locis
616 3254 655 3312 et
692 3243 807 3312 feodis
845 3242 1013 3330 predictis
1049 3240 1141 3308 infra
1176 3242 1398 3329 procinctum
1435 3241 1593 3310 eiusdem
1629 3241 1715 3309 ville
1751 3241 1995 3322 existentibus,

490 3383 616 3454 Castro
652 3391 688 3450 et
723 3381 868 3450 fossatis
903 3380 1061 3447 eiusdem
1101 3378 1219 3447 Castri
1252 3379 1413 3466 superius
1453 3378 1623 3467 exeeptis,
1660 3389 1803 3446 returns
1837 3377 1999 3447 omnium

489 3523 648 3591 brevium
677 3519 828 3607 predicti
855 3517 1136 3586 metuendissimi
1164 3518 1300 3586 domini
1331 3519 1402 3585 mei
1434 3518 1551 3606 Regis
1579 3527 1616 3584 et
1644 3517 1812 3585 heredum
1842 3537 1996 3598 suorum,

490 3678 534 3726 ac
565 3655 894 3736 summonitionum,
922 3663 1161 3722 exhacterum
1197 3665 1234 3722 et
1268 3665 1513 3742 preceptorum
1545 3657 1590 3722 de
1621 3656 1798 3724 scaccario
1827 3657 1995 3743 predicto,

490 3815 628 3862 necnon
650 3801 887 3860 extremum
908 3800 945 3858 et
972 3799 1217 3877 preceptorum
1237 3791 1517 3877 Justiciariorum
1539 3793 1691 3879 predicti
1716 3793 1997 3860 metuendissimi

489 3929 625 4000 domini
653 3929 724 3996 mei
759 3927 876 4015 Regis
911 3927 971 3994 vel
1004 3925 1174 3995 heredum
1210 3947 1353 3996 suorum
1388 3928 1647 4011 itinerantium,
1685 3938 1760 3996 tam
1780 3929 1827 3997 de
1855 3927 1998 4014 placitis

489 4069 618 4137 foreste
641 4089 749 4155 quam
774 4068 822 4135 ad
846 4067 967 4135 omnia
991 4067 1125 4154 placita
1148 4069 1355 4138 stelionum
1380 4068 1661 4153 Justiciariorum
1686 4089 1995 4156 quorumcumque,

489 4219 527 4276 et
553 4207 784 4274 execuciones
812 4206 1003 4272 eorundem
1031 4205 1201 4287 brevium,
1227 4207 1557 4286 commonicionum,
1585 4217 1823 4276 amaturum
1849 4217 1886 4274 et
1913 4227 1993 4293 pre·

490 4353 672 4431 ceptorum
710 4362 775 4429 per
811 4343 964 4410 ballivos
999 4351 1037 4410 et
1076 4343 1258 4412 ministros
1294 4365 1378 4412 suos
1416 4343 1608 4427 iaciendas,
1652 4343 1711 4412 Ita
1744 4345 1841 4431 quod
1876 4343 1997 4412 nullus

490 4481 696 4562 vicecomes,
721 4481 876 4549 ballivus
898 4491 961 4550 aut
983 4483 1144 4550 minister
1166 4485 1295 4570 prelati
1318 4485 1598 4554 metuendissimi
1621 4467 1761 4554 domini
1784 4486 1855 4554 mei
1880 4484 1996 4572 Regis

490 4621 548 4688 vel
591 4617 759 4686 heredum
800 4638 943 4686 suorum
984 4630 1046 4687 aut
1085 4629 1284 4688 nostrorum
1326 4621 1446 4708 aliqua
1481 4633 1665 4703 terrarum,
1707 4632 1998 4703 tenementorom,

490 4760 646 4827 iocorum
683 4766 721 4824 et
755 4748 936 4825 feodorum
973 4759 1210 4844 predictorum
1246 4759 1338 4827 infra
1367 4761 1490 4828 villam
1518 4759 1677 4828 Bristoll.
1708 4771 1744 4830 et
1779 4759 1999 4848 procinctum

490 4894 648 4960 eiusdem
674 4893 719 4959 ad
745 4891 861 4961 officia
886 4893 1007 4981 alique
1035 4904 1097 4962 aut
1126 4895 1200 4962 alie
1228 4895 1345 4964 officie
1374 4917 1440 4964 sua
1468 4897 1661 4984 tangencia
1689 4895 1852 4963 iacienda
1880 4893 1999 4980 ingre·

490 5031 633 5097 diantur
661 5030 732 5097 nisi
761 5031 798 5098 in
823 5031 963 5100 defectu
989 5035 1134 5102 maioris
1159 5048 1196 5102 et
1224 5035 1489 5104 communitatis
1514 5045 1551 5101 et
1576 5053 1817 5102 successorum
1842 5049 1997 5098 suorum.

489 5167 538 5236 lit
582 5168 615 5235 si
661 5167 867 5252 vicecomes,
912 5169 1038 5238 ballivi
1088 5171 1273 5254 libertatis,
1316 5173 1502 5254 hundredi,
1549 5169 1782 5257 wapentachii
1825 5167 1863 5234 in
1907 5165 1995 5233 villa
