5224 6596
899 826 997 920 obe
1020 825 1159 917 little
1184 826 1282 916 ilco
1308 827 1512 919 noolot
1538 828 1727 923 unetos
1991 863 2060 939 ¹57

554 1041 743 1110 terminum
764 1041 837 1110 vite
859 1051 979 1110 nostre
1001 1040 1239 1129 assignantur,
1261 1041 1426 1109 videlicet
1451 1044 1546 1130 quod
1572 1063 1638 1112 nos
1660 1046 1855 1116 habeamus
1881 1051 1928 1117 ad
1949 1061 2063 1120 totam

554 1179 666 1247 vitain
695 1189 853 1247 nostram
882 1180 1003 1246 omnia
1031 1177 1132 1259 fines,
1160 1179 1426 1266 redempciones
1454 1189 1491 1248 et
1510 1181 1793 1250 *amerciamenta
1817 1185 2000 1254 hominum
2025 1197 2062 1256 et

557 1317 758 1384 tenencium
780 1317 819 1383 in
839 1326 877 1384 et
897 1318 944 1384 de
965 1316 1103 1398 castris,
1124 1317 1302 1397 dominiis,
1325 1317 1502 1399 maneriis,
1524 1317 1631 1400 villis,
1653 1321 1756 1389 terris
1784 1332 1822 1390 et
1849 1325 2061 1394 tenementis

553 1473 596 1520 ac
639 1453 677 1519 in
720 1451 872 1542 singulis
914 1453 1003 1520 locis
1046 1453 1215 1540 predictis
1258 1454 1363 1521 nobis
1405 1475 1470 1540 per
1512 1455 1687 1541 prelatum
1731 1459 2060 1530 metuendissimum

393 1637 401 1651 .
464 1638 472 1653 .
552 1591 734 1658 dominum
772 1611 889 1658 meum
927 1590 1069 1678 Regem
1108 1599 1149 1656 ut
1187 1589 1383 1676 predictum
1420 1601 1476 1658 est
1511 1592 1725 1680 assignatis;
1769 1615 1909 1664 necnon
1943 1598 2062 1666 exitus

553 1729 751 1797 forisfactos
789 1739 826 1796 et
863 1730 985 1796 omnia
1021 1748 1090 1815 que
1120 1730 1167 1796 ed
1206 1728 1323 1814 ipsum
1361 1731 1688 1799 metuendiseimum
1725 1733 1906 1800 dominum
1942 1753 2060 1802 meum

551 1867 693 1954 Regem
733 1877 770 1934 et
806 1869 955 1934 heredes
995 1886 1079 1933 suos
1115 1867 1291 1952 pertinere
1330 1875 1497 1952 poterunt
1533 1869 1578 1935 de
1616 1888 1722 1950 anno,
1763 1869 1822 1936 die
1865 1879 1902 1938 et
1944 1881 2059 1953 vasto,

550 2005 782 2074 forisfacturis
810 2014 847 2072 et
875 2005 1028 2072 murdris
1057 2004 1095 2071 in
1123 2004 1402 2090 quibuscumque
1431 2003 1538 2072 curiis
1563 2005 1638 2072 suis
1658 2014 1695 2072 et
1715 2006 1884 2074 heredum
1906 2028 2060 2090 suorum,

552 2145 715 2213 homines
744 2154 782 2211 et
812 2153 974 2212 tenentes
1004 2143 1084 2210 illos
1113 2153 1187 2211 tam
1217 2163 1336 2210 coram
1365 2143 1445 2228 ipso
1474 2143 1766 2248 metuendissimo
1801 2145 1946 2212 domino
1981 2164 2061 2214 rneo

554 2282 659 2369 Rege
688 2294 724 2349 et
752 2281 941 2349 heredibus
970 2281 1044 2348 suis
1073 2280 1111 2346 in
1141 2279 1363 2348 cancellaria
1396 2300 1462 2347 sua
1497 2290 1534 2347 et
1569 2281 1738 2349 heredum
1774 2302 1916 2350 suorum
1952 2303 2061 2370 quam
2145 2305 2160 2328 ⁴

550 2439 672 2486 coram
695 2417 931 2485 Thesaurario
959 2427 997 2484 et
1024 2417 1225 2485 Batonibus
1254 2418 1329 2485 suis
1357 2420 1590 2486 etheredum
1620 2440 1762 2488 suorum
1791 2422 1837 2489 de
1862 2419 2060 2503 scaccario,

553 2575 691 2622 necnon
729 2575 847 2622 coram
891 2553 1102 2637 Justiciariis
1142 2555 1217 2620 suis
1256 2563 1294 2621 et
1331 2555 1500 2622 heredum
1540 2575 1682 2623 suorum
1722 2557 1972 2626 itinerantibus
2012 2559 2060 2625 ad

552 2692 754 2759 communia
787 2691 922 2778 placita
956 2701 994 2758 et
1029 2692 1075 2758 ad
1110 2691 1246 2778 placita
1279 2690 1418 2774 foreste,
1455 2700 1493 2758 et
1528 2693 1641 2759 eciam
1684 2712 1804 2762 coram
1846 2693 2059 2778 Justiciariis

556 2829 631 2897 suis
659 2839 695 2896 et
723 2830 891 2896 heredum
921 2847 1062 2896 suomrn
1092 2829 1138 2895 de
1166 2828 1289 2896 Banco
1317 2837 1353 2896 et
1381 2828 1495 2896 eciam
1532 2829 1738 2898 Senescallo
1775 2840 1812 2898 et
1848 2819 2060 2900 Marescallo

552 2988 596 3036 ac
624 2966 839 3036 Coronatore
866 2967 1019 3053 hospicii
1048 2966 1104 3033 sui
1132 2976 1169 3033 et
1197 2966 1365 3033 heredum
1394 2986 1537 3033 suorum
1565 2975 1602 3033 et
1633 2965 1771 3035 Clerico
1809 2968 1855 3034 de
1890 2968 2061 3048 Mercato,

484 3203 492 3219 ο
551 3125 593 3172 ac
622 3125 741 3172 coram
770 3104 851 3170 aliis
878 3102 1090 3187 Justiciariis
1119 3112 1156 3170 et
1184 3103 1356 3170 ministris
1384 3103 1459 3170 suis
1488 3112 1524 3169 et
1552 3103 1721 3170 heredum
1747 3123 1889 3172 suorum
1912 3105 2061 3191 quibus·

551 3261 711 3328 cumque,
750 3239 840 3308 fines
874 3261 937 3308 seu
974 3239 1239 3326 redempciones
1278 3238 1394 3306 fucere
1432 3239 1490 3306 vel
1528 3239 1713 3307 amerciari
1756 3250 1820 3307 aut
1859 3241 2061 3309 huiusmodi

552 3381 680 3462 exitus,
709 3381 863 3460 murdre,
892 3377 1141 3459 forisfacturas,
1179 3396 1322 3458 annum,
1360 3377 1455 3444 diem
1492 3387 1529 3444 et
1565 3387 1706 3445 vastum
1743 3379 1938 3446 adiudicari
1974 3399 2059 3446 con·

551 3522 673 3610 tigerit
701 3521 791 3588 adeo
819 3519 926 3604 plens
952 3527 991 3588 et
1019 3517 1158 3604 integre
1186 3518 1278 3585 sicut
1310 3516 1388 3604 ipse
1423 3519 1734 3586 metuendissimus
1762 3520 1928 3586 dominus
1957 3539 2057 3588 meus

546 3659 630 3726 Rex
658 3677 703 3725 ea
737 3657 884 3723 haberet
919 3655 951 3722 si
993 3654 1153 3742 predicta
1196 3663 1323 3734 castra,
1367 3653 1535 3737 dominia,
1572 3655 1741 3736 maneria,
1777 3655 1893 3737 villas,
1931 3666 2055 3740 terras,

549 3805 753 3865 tenemento
785 3803 823 3862 et
853 3795 934 3860 loca
968 3791 1129 3876 predicte
1164 3791 1202 3857 in
1238 3809 1346 3857 manu
1384 3811 1450 3858 sua
1486 3791 1699 3860 retinuisset.
1766 3793 1823 3860 Ita
1858 3795 1954 3880 quod
1990 3813 2058 3863 nos

545 3952 612 4020 per
638 3951 767 3999 manus
798 3929 1010 3997 ballivorum
1045 3937 1082 3996 et
1124 3927 1366 3996 ministrorum
1402 3937 1601 3996 nostrorum
1643 3927 1744 4012 finos,
1780 3931 2057 4018 redempciones,

548 4067 768 4137 reversiones
808 4075 846 4133 et
888 4065 1162 4132 amerciamenta
1200 4063 1384 4130 hominurn
1420 4076 1457 4129 et
1492 4065 1693 4132 tenencium
1728 4065 1976 4151 predictorum,
2013 4086 2057 4135 ec

552 4208 669 4274 exitus
710 4203 907 4272 forisfactus
943 4213 980 4271 ot
1017 4201 1138 4269 omnia
1177 4219 1246 4288 que
1281 4201 1329 4268 ad
1365 4201 1483 4288 ipsum
1514 4201 1841 4269 metuendissimum
1872 4202 2055 4270 dominum

549 4364 667 4412 meum
697 4342 838 4429 Regem
867 4349 904 4408 et
931 4340 1079 4408 heredes
1103 4358 1188 4406 suos
1212 4337 1388 4425 pertinere
1412 4348 1579 4424 poterunt
1601 4340 1646 4407 de
1669 4358 1774 4423 anno,
1799 4340 1858 4407 die
1881 4349 1918 4408 et
1939 4350 2054 4425 vasto,

549 4480 779 4550 forisfacturis
818 4491 854 4544 et
895 4477 1048 4545 murdris
1086 4477 1133 4544 de
1172 4485 1209 4544 et
1248 4475 1286 4542 in
1326 4474 1462 4556 castris,
1503 4474 1680 4559 dominiis,
1724 4477 1903 4557 maneriis,
1947 4479 2054 4562 villis,

546 4621 652 4688 terris
680 4627 717 4686 et
744 4616 956 4685 tenementis
991 4635 1035 4683 ac
1069 4615 1236 4682 omnibus
1271 4623 1308 4680 et
1344 4612 1497 4702 singulis
1532 4615 1622 4682 locis
1657 4615 1826 4700 predictis
1861 4626 1898 4683 et
1934 4637 2055 4685 eorum

549 4756 662 4824 feodis
690 4775 759 4843 que
787 4773 907 4821 coram
935 4751 1147 4836 Justicieriis
1175 4751 1422 4818 itinerantibus
1451 4751 1499 4818 ad
1532 4752 1734 4819 communia
1768 4752 1903 4838 placita
1938 4763 1975 4823 et
2010 4755 2057 4822 ed

550 4892 684 4978 placita
711 4889 840 4958 foreste
875 4908 919 4956 ac
955 4907 1075 4956 coram
1111 4887 1216 4960 dietis
1254 4887 1460 4954 senescallo
1500 4895 1538 4954 et
1575 4886 1799 4970 Marescullo,
1841 4889 2057 4959 Coronatore

544 5048 609 5097 seu
650 5026 786 5094 Clerico
825 5028 870 5094 de
907 5025 1067 5092 Mercato
1105 5023 1183 5092 lieri
1220 5035 1257 5092 et
1301 5025 1495 5092 adiudicari
1540 5025 1729 5112 contigerit
1772 5047 1836 5112 per
1878 5037 2057 5096 abactas

544 5162 734 5230 eorundem
762 5161 1042 5246 Justiciariorum
1077 5161 1324 5228 itinerencium
1359 5161 1397 5227 in
1433 5160 1619 5228 itineribus
1653 5161 1740 5245 suis,
1777 5174 1813 5229 et
1842 5161 2051 5250 senescalli,
