5294 6592
613 822 662 911 ⁷⁶
952 809 1049 904 coe
1073 809 1212 901 utne
1237 809 1335 901 nen
1360 811 1488 902 aot
1514 812 1565 906 or
1584 813 1784 932 'aaron

612 1026 733 1094 cinnes
775 1025 808 1092 ei
851 1023 1038 1110 indigeant
1080 1023 1249 1105 maniare,
1293 1035 1429 1093 vertere
1471 1035 1509 1094 et
1558 1027 1735 1098 custodire
1785 1029 1832 1097 ad
1881 1029 2118 1098 mcionabilaa

613 1171 776 1248 sumptus
803 1181 925 1230 eorum
953 1181 1101 1248 quorum
1131 1159 1261 1230 fuerint
1292 1181 1356 1230 acu
1390 1182 1513 1232 eorum
1551 1165 1682 1252 quibus
1715 1167 1838 1234 eedem
1877 1166 2120 1236 ffisnicdome

613 1309 739 1386 postea
778 1320 842 1387 per
878 1298 1047 1367 iudicium
1086 1298 1330 1368 liberabuntur
1372 1319 1419 1367 ne
1460 1300 1648 1371 videantuu
1683 1304 1751 1372 sub
1786 1323 1907 1372 comm
1950 1304 2121 1372 ctretodsse

613 1436 704 1504 mori
732 1455 798 1523 pro
834 1434 973 1504 aenou
1011 1436 1183 1517 amone,
1220 1436 1279 1504 vei
1319 1437 1410 1530 altas
1449 1439 1693 1510 domniono
1732 1441 1923 1530 periclitari
1960 1443 2018 1510 vn
2057 1407 2149 1530 per*

515 1627 524 1646 .
613 1591 735 1640 eorum
761 1591 868 1658 possa
904 1571 1120 1640 deteriorari.
1164 1569 1214 1637 Et
1248 1571 1381 1639 lrabeat
1418 1573 1586 1642 dominus
1625 1595 1691 1662 pro
1729 1560 1863 1664 pitture
1898 1575 2003 1644 vnim
2040 1576 2124 1663 equi

612 1707 691 1777 effri
726 1711 823 1777 velvt
860 1706 939 1775 affri
977 1728 1042 1795 per
1068 1709 1162 1775 diem
1188 1717 1226 1776 et
1261 1717 1402 1776 noctem
1437 1729 1546 1778 vnum
1582 1709 1776 1778 denarium.
1845 1706 1895 1774 Et
1930 1707 1962 1774 si
1998 1705 2124 1776 affrnm

612 1845 763 1914 excedat
791 1865 903 1931 usque
932 1846 979 1912 ad
1008 1855 1149 1912 centum
1179 1845 1313 1912 solidos
1340 1847 1473 1914 habeat
1513 1845 1696 1914 cananum
1733 1853 1771 1910 et
1808 1843 1964 1910 obolum.
2008 1843 2057 1910 Et
2091 1841 2123 1910 ei

613 1981 685 2052 Ca.
724 1985 873 2051 exoedat
911 2001 1024 2068 voque
1064 1983 1111 2050 ad
1138 2001 1166 2048 x
1193 2001 1333 2050 marcae
1360 1983 1493 2053 habeat
1521 1983 1579 2071 ijd.
1623 1981 1730 2052 Etsi
1756 2001 1784 2048 x
1810 2001 1949 2049 marcae
1973 1981 2124 2048 excedat

598 2091 723 2207 ¹voque
758 2122 805 2188 ad
844 2120 934 2188 xxii
962 2120 1095 2188 habeat
1135 2118 1210 2207 iijd.
1263 2119 1312 2188 Et
1350 2121 1435 2188 licet
1466 2119 1571 2191 fuerit
1610 2119 1786 2188 cursarius
1820 2119 1879 2186 vel
1921 2119 2121 2186 dextrarius

610 2257 743 2327 habeat
779 2258 853 2347 iijd.
893 2259 940 2326 ad
983 2259 1076 2345 plus.
1130 2257 1178 2324 Et
1217 2276 1283 2343 pro
1324 2257 1485 2326 custodia
1528 2255 1634 2324 vnius
1671 2255 1851 2336 dextrarii,
1895 2255 2042 2322 cursorii
2084 2263 2122 2322 et

610 2395 750 2462 mncini
777 2413 842 2482 per
869 2395 964 2462 diem
994 2405 1030 2461 et
1059 2403 1200 2461 noctem
1229 2415 1295 2480 pro
1323 2413 1393 2462 vno
1422 2393 1592 2482 garcione
1619 2413 1728 2460 vnum
1761 2391 1956 2474 denarium,
1985 2400 2023 2459 et
2056 2409 2123 2477 pro

609 2529 807 2598 minoribus
840 2551 952 2617 vaque
982 2533 1029 2598 ad
1058 2527 1165 2598 affros
1190 2531 1439 2600 custodiendos
1473 2551 1537 2617 per
1561 2529 1599 2618 iij
1628 2529 1706 2597 dies
1745 2549 1810 2615 pro
1847 2547 1919 2594 vno
1952 2527 2121 2614 garcione

609 2687 718 2734 vnum
765 2669 963 2752 denarium,
1000 2677 1038 2735 et
1074 2688 1140 2755 pro
1180 2669 1351 2738 custodiis
1390 2668 1556 2738 affrorum
1600 2669 1698 2736 velvt
1728 2666 1906 2746 ,affrorurn
1936 2667 2047 2734 nichil
2082 2667 2121 2732 in

610 2803 669 2871 die
708 2804 779 2870 nisi
818 2824 884 2888 pro
922 2804 1092 2872 alimento
1135 2815 1274 2871 tanturn
1314 2813 1354 2872 vt
1395 2806 1594 2893 predicnun
1630 2814 1696 2872 est.
1755 2805 1804 2872 Et
1840 2822 1906 2890 pro
1950 2803 2121 2870 custodiis

610 2939 761 3008 aliarum
799 2941 1003 3010 ‘bestiarum
1053 2941 1187 3010 habeat
1236 2941 1401 3008 dominus
1451 2941 1718 3010 racionabiliter
1759 2959 1825 3027 pro
1869 2939 2040 3008 alimento
2082 2949 2120 3007 et

609 3077 791 3145 custodiis.
850 3077 899 3144 Et
939 3077 1029 3155 sciat
1068 3077 1233 3145 dominus
1273 3079 1369 3164 quod
1408 3089 1598 3165 postquam
1635 3077 1839 3147 huiuamodi
1878 3077 2121 3146 districcionee

609 3215 702 3283 infra
739 3235 840 3282 suam
879 3214 1048 3282 seisinam
1085 3215 1292 3282 decenarint
1330 3223 1471 3282 tenetur
1510 3217 1725 3303 respondere
1763 3218 1809 3284 de
1837 3215 1971 3284 eisdem
2000 3217 2035 3283 ei
2063 3213 2121 3282 cui

610 3353 835 3440 postmodum
860 3371 925 3437 per
960 3350 1128 3418 iudicium
1169 3369 1232 3418 seu
1269 3351 1341 3418 alio
1380 3353 1486 3420 modo
1526 3355 1572 3420 de
1615 3353 1690 3420 iure
1727 3353 1955 3420 deliberande
1992 3351 2122 3418 fuerint

610 3489 681 3556 nisi
713 3509 778 3577 per
806 3489 878 3556 tale
907 3487 1136 3556 infortunium
1167 3488 1363 3554 moriantur
1391 3491 1448 3556 vel
1476 3499 1626 3576 pereant
1663 3490 1759 3575 quod
1795 3488 1961 3556 dominus
1998 3498 2122 3556 contra

610 3627 839 3695 infortunium
876 3627 964 3694 illud
1002 3625 1165 3693 resistere
1209 3645 1281 3692 non
1314 3625 1455 3737 poterit.
1511 3625 1561 3693 Et
1601 3635 1727 3694 caueat
1770 3613 1920 3712 quilibet
1963 3625 2033 3693 sibi
2076 3645 2122 3692 ne

611 3766 777 3836 admittat
805 3784 872 3833 nec
899 3765 1048 3854 recipiat
1075 3765 1318 3834 districciones
1346 3765 1456 3832 vicini
1486 3765 1542 3832 sui
1571 3785 1634 3832 seu
1664 3765 1809 3832 alterius
1833 3765 1880 3831 de
1908 3763 2123 3830 liberacione

609 3903 755 3984 domini,
788 3901 975 3970 senescalli
1004 3923 1067 3970 seu
1096 3903 1241 3970 alterius
1269 3902 1396 3969 balliui
1424 3903 1471 3969 ad
1509 3902 1759 3970 custodiendas
1799 3903 1885 3989 quia
1922 3902 1982 3969 ille
2021 3899 2122 3968 cuius

608 4041 786 4108 disniccio
830 4040 894 4108 illa
936 4050 992 4107 cst
1030 4041 1140 4108 habat
1188 4040 1368 4108 accionem
1413 4042 1451 4108 in
1493 4041 1696 4108 huiusmodi
1740 4059 1828 4108 casu
1870 4049 1946 4107 tam
1998 4058 2122 4106 versus

609 4187 789 4265 captorem
819 4197 926 4262 quam
951 4195 1074 4244 versus
1103 4189 1319 4264 receptorem
1356 4178 1572 4246 coniunctim
1609 4199 1674 4263 pro
1711 4177 1846 4245 iniusta
1880 4176 2050 4264 capcione
2085 4185 2123 4243 et

611 4336 676 4402 pro
705 4315 837 4382 iniusta
865 4314 1073 4382 detencione
1101 4326 1139 4381 et
1160 4324 1289 4383 sonant
1313 4317 1419 4382 ambo
1445 4315 1483 4382 in
1509 4315 1639 4382 iniuria
1663 4336 1729 4402 pro
1752 4335 1795 4382 ec
1824 4316 1919 4401 quod
1944 4323 2124 4401 ponuntur

611 4463 649 4521 et
677 4452 879 4520 detinentur
900 4452 938 4518 in
966 4451 1098 4520 iniusto
1128 4453 1217 4520 loco.

686 4713 773 4792 DE
828 4711 1219 4791 TRANSCRIPTO
1267 4711 1509 4790 PLACITI
1570 4713 1817 4808 VTRIQUE
1870 4712 2055 4790 PARTI
2153 4658 2155 4661 -

1188 4865 1543 4943 LIBERANDO.

678 5019 680 5026 ’
743 5015 955 5088 Ordinaturn
1000 5025 1055 5086 eet
1099 5019 1195 5104 quod
1244 5018 1363 5086 clerici
1412 5018 1458 5084 de
1507 5015 1674 5083 mercatis
1715 5017 1867 5084 liberent
1909 5013 2123 5101 umacnpta

611 5151 823 5243 placitorum
862 5153 1028 5222 omnibus
1056 5163 1095 5223 et
1119 5154 1271 5243 singulis
1300 5154 1362 5241 qui
1396 5155 1434 5221 in
1471 5153 1636 5222 mercatis
1664 5153 1736 5220 illis
1771 5151 1945 5238 placitant
1980 5151 2012 5218 ai
2052 5149 2123 5236 ipsi
