5224 6596
644 869 718 926 210
978 847 1076 940 Uli
1099 848 1238 940 little
1263 849 1362 940 iiio
1387 848 1516 941 Book
1541 847 1592 939 of
1622 847 1811 940 Blitioi.

642 1057 878 1126 manifestum.
938 1057 1113 1146 Quocirca
1140 1063 1242 1132 vobis
1270 1063 1482 1132 mandamus
1512 1063 1551 1130 in
1586 1061 1716 1130 virtute
1751 1059 1966 1141 obediencie,
2003 1057 2151 1128 firmiter

641 1193 878 1282 injungentes,
901 1197 1069 1283 quatinus
1089 1201 1264 1269 moneatis
1286 1220 1410 1270 omnes
1430 1199 1557 1268 iratres
1577 1197 1757 1287 predictos
1777 1196 1873 1282 quod
1894 1194 1965 1284 ipsi
1986 1194 2148 1262 deectsro

642 1329 766 1398 diuina
807 1329 923 1400 officia
966 1333 1071 1400 simul
1114 1335 1246 1418 dicant,
1282 1345 1322 1404 ut
1355 1333 1538 1424 prefertur,
1581 1344 1619 1403 et
1658 1353 1683 1401 a
1724 1331 1907 1420 premissis
1943 1329 2147 1400 insolenciis

642 1469 785 1555 penitus
812 1489 851 1538 se
879 1473 1060 1540 retrabant
1088 1483 1125 1540 et
1159 1475 1334 1544 desistant
1370 1479 1436 1542 sub
1463 1493 1558 1562 pena
1589 1469 1969 1542 excommunicacionis
2002 1469 2148 1556 majoris

643 1627 708 1694 per
745 1627 811 1678 vos
854 1611 912 1678 vel
957 1612 1105 1682 alterum
1146 1621 1302 1680 vestrum
1337 1612 1376 1679 in
1411 1630 1536 1680 omnes
1571 1609 1878 1679 contrauenientes
1916 1607 2146 1677 inimicando.

642 1743 705 1813 Ad
733 1765 802 1834 qua
829 1749 951 1817 omnia
978 1760 1016 1817 et
1058 1749 1202 1839 singule
1238 1748 1401 1818 iacienda
1437 1747 1540 1816 vobis
1576 1756 1613 1815 et
1651 1745 1790 1832 utrique
1829 1757 1984 1810 vestrtrm
2024 1753 2146 1812 tenore

641 1885 862 1968 presencium
912 1887 1166 1956 committimus
1214 1889 1311 1955 vices
1361 1895 1502 1955 nosbas
1552 1905 1633 1952 cum
1690 1883 1878 1971 cujuslibet
1929 1881 2147 1950 cohercionis

641 2010 810 2080 canonice
837 2019 1024 2099 potestate.
1080 2013 1213 2083 Datum
1235 2014 1443 2104 Wygomie,
1472 2015 1510 2102 xj
1540 2013 1599 2082 die
1627 2010 1760 2080 mensis
1789 2007 2020 2096 Septembris,
2050 2028 2146 2078 anno

640 2142 776 2214 domini
803 2147 992 2217 millesimo
1020 2159 1118 2218 ccc⁸⁰
1147 2151 1249 2220 ixx¹⁵⁰
1277 2159 1414 2239 quarto.
1563 2165 1567 2180 ¹

637 2487 765 2564 Letter
777 2489 885 2590 from
917 2488 1088 2568 Richord
1116 2493 1148 2569 le
1183 2493 1314 2594 Spicer,
1346 2495 1483 2592 Mayor
1506 2491 1718 2593 ‹ffBrr'slok
1744 2491 2024 2591 recommendr‘ng
2043 2488 2143 2566 Dom

636 2637 769 2739 Henry
794 2641 968 2732 Straton,
995 2641 1129 2732 Pntst,
1143 2643 1219 2744 sor
1244 2644 1436 2720 admissos
1465 2653 1499 2718 lo
1527 2644 1585 2719 the
1613 2641 1812 2742 perpetrat
1840 2637 2005 2740 Chaniry
2025 2642 2075 2740 os
2089 2641 2145 2716 tie

894 2793 1107 2893 Fratemily
1138 2794 1187 2895 os
1208 2793 1430 2884 Kalendars,
1468 2797 1516 2870 28
1552 2791 1643 2887 Jan.
1686 2813 1781 2886 1374
1817 2786 1887 2894 [5].

764 2991 975 3061 Reuerendo
1013 2993 1241 3062 discrecionis
1277 2995 1354 3060 viro
1398 2993 1542 3060 domino
1580 2991 1695 3060 Priori
1735 2990 1883 3060 ecclesia
1919 2989 2142 3060 ermannus

556 3107 564 3124 '
631 3129 892 3218 wygomensis
920 3132 1130 3202 ausonae
1158 3131 1264 3202 curto
1299 3130 1566 3202 cantuariensis
1598 3129 1752 3208 officim
1784 3142 1821 3201 et
1849 3130 2141 3200 nominasses

632 3269 868 3356 spiritualium
905 3271 944 3339 in
984 3271 1129 3340 ciuitate
1171 3281 1208 3341 et
1252 3271 1385 3344 diocesi
1426 3271 1679 3360 Wygornensi,
1723 3271 1808 3338 sede
1851 3279 2012 3352 vacante,
2056 3289 2142 3337 mus

629 3405 774 3474 humilis
803 3417 840 3476 et
867 3410 1017 3476 deuoms
1046 3409 1224 3478 Ricardus
1252 3410 1288 3478 le
1324 3407 1460 3496 Spicer,
1496 3409 1610 3496 major
1645 3407 1730 3476 ville
1766 3407 1958 3488 Bristollie,
2000 3425 2141 3474 omnem

629 3542 867 3612 muerenciam
888 3565 969 3614 cum
990 3545 1134 3614 honore
1179 3545 1239 3614 Ad
1268 3556 1476 3633 perpetuam
1497 3545 1694 3613 cantariam
1716 3542 1868 3632 Collegii
1891 3543 2140 3612 Fraternitetis

628 3679 873 3748 Kalendarum
901 3681 986 3750 ville
1014 3682 1170 3770 predicte
1198 3693 1362 3751 vocatam
1391 3681 1540 3752 Sextam
1570 3679 1775 3750 emtarim
1807 3701 1921 3768 nuper
1955 3680 2138 3750 firndatam

628 3817 666 3883 in
694 3817 844 3886 ecclesia
872 3816 1042 3886 Omnium
1067 3817 1279 3888 Sanctomm
1315 3819 1410 3885 dicte
1438 3817 1523 3885 ville
1550 3827 1588 3884 et
1616 3817 1768 3885 diocesis
1794 3825 1995 3898 vacantem,
2026 3827 2063 3884 et
2092 3817 2140 3886 ad

628 3973 744 4022 meam
772 3955 1076 4044 prasentacionem
1104 3957 1248 4024 rodone
1274 3955 1381 4024 officii
1402 3955 1473 4023 mei
1494 3955 1687 4041 majoratus
1710 3963 1941 4040 spectantem,
1972 3953 2138 4024 dilectum

628 4089 736 4158 michi
758 4090 796 4158 in
818 4089 959 4159 Christo
980 4091 1162 4160 dominum
1185 4091 1382 4160 Henricum
1408 4089 1571 4159 Smamon
1600 4087 1833 4176 presbiterum
1866 4087 2141 4158 Sarisburiensis

628 4226 780 4295 diocesis
814 4246 861 4295 ex
896 4245 1005 4295 causa
1039 4227 1314 4314 permutacionis
1348 4226 1509 4296 faciende
1536 4227 1582 4296 de
1609 4225 1761 4294 ecclesia
1789 4245 1856 4294 sua
1879 4225 1926 4294 de
1957 4223 2139 4314 Lytynton

630 4363 755 4431 Dtews
777 4363 871 4432 dicta
892 4362 1168 4433 sarisburiensis
1190 4365 1341 4433 diocesis
1362 4385 1443 4432 cum
1464 4363 1623 4451 predicta
1648 4363 1818 4431 Cantas-ia
1840 4383 1887 4432 ex
1901 4363 2008 4432 certis
2022 4363 2140 4431 causis

404 4513 607 4564 Pmnnsuo
631 4511 668 4570 et
690 4501 860 4587 legitimis
882 4500 929 4567 ad
957 4502 1026 4568 hoc
1056 4520 1095 4570 se
1122 4501 1347 4570 mouentibus
1375 4510 1550 4590 presente,
1580 4500 1677 4588 piem
1706 4497 1956 4588 paternitatem
1984 4505 2138 4566 vestram

416 4586 598 4693 &tim
630 4639 812 4708 humiliter
839 4639 1043 4728 supplicans
1071 4649 1108 4708 et
1136 4642 1263 4709 deuote
1292 4640 1459 4726 quatinus
1488 4639 1638 4708 eundem
1661 4637 1845 4704 dominum
1876 4634 2071 4704 Henricum
2093 4634 2140 4701 ad

413 4715 597 4824 &iffi
630 4775 803 4867 prefatam
825 4776 1029 4845 Centuriam
1051 4797 1098 4846 ex
1118 4796 1227 4847 causa
1246 4777 1522 4865 permutacionis
1542 4773 1745 4862 hujusmodi
1765 4773 1928 4862 graciose
1954 4770 2140 4839 &mittero

631 4916 818 5004 ipsumque
845 4916 1077 5002 presbiterum
1098 4916 1136 4983 in
1157 4917 1282 4984 eadem
1304 4935 1383 4983 cum
1406 4913 1480 4982 suis
1497 4913 1637 5002 iuribus
1656 4921 1693 4979 et
1714 4907 1944 4998 pertinenciis
1964 4903 2139 4974 vmuersts

632 5053 800 5122 mnonice
840 5051 1034 5134 instituere,
1077 5053 1292 5140 ulteriusque
1334 5053 1430 5138 quod
1473 5058 1590 5118 vestro
1629 5046 1745 5116 officio
1783 5043 1956 5114 incumbit
1996 5041 2034 5110 in
2069 5041 2137 5108 bac

633 5199 735 5274 parte
777 5188 892 5257 facere
936 5189 1133 5277 dignemini
1176 5189 1335 5257 caritatis
1374 5187 1514 5254 intuitu.
1572 5183 1617 5252 In
1660 5185 1760 5270 cuius
1801 5181 1854 5248 rei
1896 5177 2136 5248 testimonium
