5294 6592
653 814 704 885 60
994 800 1090 890 ubo
1113 799 1252 890 little
1276 799 1375 888 tice
1400 798 1529 889 Book
1554 800 1604 890 ol
1634 801 1820 892 §tiotob

653 1015 857 1084 deffendene
876 1030 983 1099 super
1003 1012 1220 1081 essoniatum
1243 1011 1281 1078 in
1302 1011 1529 1079 interlineare
1550 1013 1645 1098 quod
1667 1015 1845 1082 constabit
1867 1015 2038 1083 indicanti
2061 1035 2166 1104 super

653 1151 912 1236 inspeocionem
935 1149 1166 1235 querelarum,
1188 1159 1225 1214 et
1252 1149 1283 1216 si
1310 1148 1358 1216 sit
1382 1149 1536 1235 primum
1563 1150 1741 1218 essonium
1763 1161 1917 1236 ponatur
1941 1153 1979 1219 in
2004 1153 2166 1240 margine

653 1288 759 1354 rotuli
781 1288 819 1354 in
834 1286 951 1373 capite
965 1285 1097 1352 essonii
1112 1285 1179 1352 ne!
1203 1285 1286 1351 etsi
1310 1284 1357 1352 sit
1378 1297 1461 1371 post
1481 1287 1619 1352 vnsam¹
1649 1286 1718 1374 (sic)
1741 1297 1894 1373 ponatur
1913 1289 1978 1355 ue!
2006 1299 2042 1356 et
2064 1291 2165 1358 detur

653 1425 832 1492 essoniato
846 1423 924 1490 dies
937 1443 1001 1509 per
1014 1423 1267 1490 essoniatorem
1284 1442 1386 1489 suum
1398 1423 1590 1489 secundum
1605 1423 1700 1509 qnod
1714 1425 1909 1510 predictum
1925 1435 1981 1492 est
1997 1427 2034 1492 in
2048 1428 2162 1513 primo

654 1561 821 1646 capitulo,
843 1569 880 1628 et
901 1562 1037 1627 dicatur
1051 1559 1260 1626 essoniatori
1282 1560 1378 1644 quod
1399 1557 1519 1626 affidet
1541 1561 1585 1626 de
1600 1570 1758 1629 waranto
1772 1581 1838 1628 suo
1851 1562 2017 1628 babendo
2032 1564 2162 1632 ibidem

655 1697 701 1762 ad
726 1697 924 1782 proximam
949 1696 1082 1762 curiam
1109 1705 1145 1762 et
1168 1705 1252 1762 tunc
1272 1696 1306 1760 le
1323 1692 1492 1760 affidanit.
1539 1693 1602 1762 Set
1622 1696 1804 1764 sciendum
1824 1699 1919 1785 quod
1937 1720 2010 1766 non
2032 1700 2163 1768 iurabit

655 1834 746 1900 sicut
760 1842 859 1919 patet
873 1833 1030 1917 capitulo
1044 1833 1089 1898 de
1110 1831 1261 1899 essoniis
1284 1831 1321 1897 in
1343 1830 1594 1918 Marlebergie²
1616 1833 1771 1918 capitulo
1792 1835 1883 1920 xvij⁰
1906 1846 1961 1902 set
1975 1837 2165 1922 apponitur

654 1970 770 2036 adhuc
795 1971 829 2036 le
854 1967 1014 2035 affidauit
1036 1978 1180 2054 propter
1206 1968 1389 2053 antiquam
1419 1971 1719 2037 consuetudinem.
1776 1969 1839 2038 Set
1874 1972 1905 2038 si
1937 1992 2007 2040 non
2041 1975 2161 2040 veniat

653 2127 720 2172 nec
748 2106 928 2174 essonium
957 2105 1077 2172 mittat
1106 2105 1326 2172 custodiatur
1354 2105 1533 2173 districcio
1555 2106 1618 2173 illa
1639 2119 1674 2172 et
1696 2107 1930 2195 distringatur
1951 2111 2077 2178 melius
2106 2113 2163 2178 vel

653 2244 765 2330 plegii
780 2243 835 2310 sui
849 2243 881 2308 si
896 2243 972 2328 ipse
986 2241 1076 2309 forte
1093 2240 1184 2308 inira
1198 2252 1313 2309 metas
1327 2242 1475 2309 mercati
1490 2262 1562 2308 non
1578 2244 1790 2312 inueniatur.

654 2569 740 2648 DE
801 2567 1195 2644 ATTACHIATIS
1252 2567 1372 2644 PER
1442 2567 1675 2646 VADIUM
1742 2569 1849 2646 VEL
1919 2570 2169 2648 PLEGIOS

659 2721 765 2816 QUI
806 2719 937 2798 NON
987 2717 1266 2806 VENIUNT;
1334 2719 1475 2812 QUID
1535 2718 1630 2795 SIT
1680 2719 2041 2798 FACIENDUM
2082 2722 2168 2801 DE

939 2869 1334 2945 ATTACHIATIS
1381 2869 1467 2944 ET
1509 2869 1595 2945 DE
1644 2869 1886 2946 PLEGIIS.

785 3052 827 3122 Si
850 3053 1035 3120 attachiati
1060 3053 1132 3120 sint
1157 3061 1339 3139 presentes
1361 3051 1400 3118 in
1424 3053 1711 3120 attachiamentis
1730 3053 1839 3144 factis
1849 3053 1901 3118 ita
1914 3053 2009 3138 quod
2023 3063 2161 3120 constet

652 3191 711 3258 vel
739 3191 791 3256 ita
819 3211 930 3276 prope
957 3189 1024 3256 fuit
1049 3189 1144 3276 quod
1173 3189 1356 3256 euidenter
1382 3189 1435 3256 eis
1469 3199 1631 3257 constare
1660 3191 1790 3274 poterit
1818 3211 1889 3276 quo
1923 3190 1982 3256 die
2018 3189 2161 3256 venient

653 3327 856 3413 responsuri
878 3328 915 3395 in
941 3327 1048 3396 Curia
1070 3337 1106 3394 et
1132 3327 1194 3392 illo
1219 3326 1277 3393 die
1302 3323 1482 3393 deffeltam
1506 3325 1662 3408 fecerint,
1687 3337 1844 3394 seruetur
1866 3338 1951 3393 tunc
1964 3347 2087 3393 versus
2101 3346 2164 3394 eos

653 3484 839 3553 processus
875 3465 980 3530 datus
1018 3464 1056 3528 in
1091 3461 1163 3530 fine
1195 3462 1343 3548 capituli
1372 3461 1412 3528 de
1431 3462 1570 3530 cssonir's
1599 3462 1760 3549 prdxime
1792 3463 2002 3550 subscripti;
2039 3472 2076 3529 et
2112 3464 2164 3530 sic
2237 3537 2239 3542 ,

654 3600 823 3686 quamdiu
845 3599 1023 3668 districcio
1048 3620 1155 3686 super
1179 3601 1277 3686 ipsos
1301 3601 1359 3666 vel
1381 3601 1520 3687 plegios
1545 3621 1630 3668 suos
1654 3600 1806 3668 inueniri
1827 3601 1958 3687 poterit
1981 3619 2163 3686 quousque

653 3739 810 3818 veniant,
826 3748 955 3805 etcum
970 3737 1148 3804 districcio
1162 3737 1200 3802 in
1214 3737 1328 3804 forma
1347 3737 1507 3823 predicta
1525 3739 1672 3804 ulterius
1686 3739 1838 3804 inueniri
1853 3759 1925 3805 non
1940 3739 2079 3826 poterit,
2097 3757 2162 3804 nec

653 3875 800 3944 veniant
826 3873 1029 3941 huiusmodi
1058 3874 1243 3940 attachiati
1271 3885 1400 3940 extunc
1429 3875 1686 3952 demandentur
1721 3875 1952 3959 solempniter
1988 3875 2034 3941 ad
2073 3875 2163 3940 duas

655 4013 779 4084 Curias
803 4011 995 4100 proximus,
1019 4021 1056 4078 et
1080 4013 1127 4078 ad
1150 4010 1295 4078 terciam
1322 4011 1353 4078 si
1378 4029 1451 4078 non
1474 4011 1619 4078 veniant
1644 4010 1880 4078 admittantur
1907 4020 2093 4098 querentes
2118 4011 2164 4076 ad

653 4150 856 4237 ponendum
870 4157 907 4216 et
920 4149 1142 4233 probandum
1157 4147 1369 4215 demandam
1385 4167 1448 4214 seu
1462 4149 1640 4234 querelam
1656 4149 1750 4234 quod
1764 4147 1849 4216 facit
1863 4149 1909 4215 de
1922 4149 2001 4234 ipso
2017 4151 2162 4214 absente

657 4287 720 4373 qui
735 4285 950 4354 attechlatus
966 4293 1021 4352 est
1035 4303 1098 4370 per
1118 4283 1320 4353 huiusmodi
1345 4285 1441 4351 bona
1461 4294 1499 4352 et
1520 4284 1775 4360 mercandisas;
1796 4287 1892 4372 quod
1913 4285 1945 4352 si
1966 4285 2169 4371 probauerit

656 4423 855 4490 habeantur
869 4420 1096 4489 defendentes
1110 4441 1176 4509 pro
1190 4421 1365 4488 conuictis
1379 4432 1416 4489 et
1430 4422 1552 4487 statim
1573 4422 1818 4508 appretientur
1840 4423 1936 4489 bona
1953 4441 2017 4488 seu
2037 4423 2169 4488 catalla

658 4575 723 4644 per
736 4555 773 4642 iij
790 4555 847 4622 vel
861 4556 895 4642 vj
911 4557 1042 4642 probos
1056 4566 1092 4623 et
1105 4555 1241 4644 legales
1261 4566 1472 4624 mercatores
1495 4568 1557 4624 aut
1578 4558 1698 4642 plures
1720 4557 1752 4624 si
1775 4577 1919 4624 necesse
1942 4557 2046 4624 fuerit
2067 4558 2171 4624 iuxta

659 4692 894 4781 quantitatem
922 4693 1096 4762 demande
1124 4705 1161 4762 et
1190 4695 1362 4761 bonorum
1392 4695 1663 4762 attachiatorum
1701 4695 1834 4762 iuratos
1864 4706 1900 4762 et
1929 4695 2044 4762 neutri
2073 4695 2167 4781 parti

660 4839 844 4918 suspector
858 4842 895 4900 et
908 4851 972 4917 per
986 4839 1118 4899 certum
1133 4833 1289 4919 precium
1303 4833 1496 4901 liberentur
1506 4832 1666 4919 querenti
1678 4851 1742 4918 per
1751 4831 1866 4899 visum
1878 4843 1914 4898 et
1925 4831 2178 4898 testimonium.

660 4969 800 5038 illorum
816 4968 1116 5055 appreciatorum;
1139 4979 1176 5038 et
1193 4971 1370 5037 residuum
1386 4971 1526 5057 siquod
1540 4970 1645 5037 fuerit
1659 4971 1877 5036 custodiatur
1891 4969 1929 5035 in
1951 4969 2063 5056 gylda
2085 4969 2168 5034 aula

665 5139 677 5172 ²
694 5139 817 5207 vitamst).
859 5138 872 5171 ¹
890 5139 947 5192 The
958 5139 1061 5192 Stetute
1071 5140 1101 5193 of
1114 5140 1303 5208 Mmlborough,
1316 5153 1347 5209 52
1359 5141 1428 5194 Heu.
1440 5143 1492 5194 IIL
1525 5141 1588 5193 'l'bie
1599 5142 1621 5192 is
1631 5140 1674 5194 cb.
1685 5157 1726 5192 xx.
1737 5142 1763 5192 in
1773 5141 1829 5192 The
1841 5141 1956 5193 Strtuter
1970 5140 2000 5191 oi
2013 5139 2057 5190 tbe
2067 5137 2170 5191 Ruina.
