5342 6616
640 823 683 896 ι4
974 797 1070 890 ibe
1094 799 1232 889 ltttte
1256 799 1354 890 κω
1379 798 1508 890 ttoot
1533 797 1584 889 ot
1614 796 1801 889 ittatot

631 1012 760 1080 Abbae
774 1011 891 1079 sancti
903 1011 1101 1098 Augustini
1116 1013 1222 1100 juxta
1242 1015 1401 1082 Bristoll.
1416 1013 1523 1080 debet
1536 1021 1669 1079 sectam
1692 1031 1757 1098 pro
1771 1013 1926 1098 quodam
1940 1025 2142 1089 tenemento

718 1147 757 1212 in
772 1145 939 1236 suburbio
953 1147 1135 1216 Bristollie
1149 1151 1244 1235 quod
1257 1150 1439 1234 Johannes
1454 1147 1617 1216 Kenefek
1632 1147 1821 1216 inhabitat.

629 1282 756 1350 Abbas
771 1285 816 1350 de
838 1283 1069 1372 Keyneeham
1087 1286 1194 1354 debet
1215 1296 1348 1354 sectam
1370 1285 1609 1372 proquodam
1632 1293 1833 1354 tenemento
1855 1287 1894 1354 in
1915 1288 2138 1380 Rndeelyve-

717 1431 805 1488 stret
818 1423 856 1488 in
871 1423 1003 1508 ang-nlo
1018 1422 1118 1489 iuxta
1131 1425 1248 1492 vicum
1263 1444 1334 1509 quo
1349 1425 1419 1490 itur
1432 1441 1555 1490 versus
1569 1421 1686 1488 vicum
1703 1422 1829 1490 Sancti
1842 1423 1989 1492 Thome.

629 1558 732 1626 Prior
756 1560 802 1626 de
826 1559 976 1647 Farleye
1001 1560 1107 1627 debet
1132 1569 1264 1628 sectam
1290 1559 1535 1647 proquodam
1562 1567 1764 1626 tenemento
1792 1559 1830 1626 in
1857 1573 2012 1632 mercato
2039 1565 2140 1632 iuxta

715 1705 854 1782 portam
870 1695 1012 1763 Lafford
1026 1699 1121 1783 quod
1134 1697 1316 1782 Johannes
1330 1696 1515 1784 Skreueyn
1529 1695 1720 1763 inhabitat.

628 1829 804 1917 Magister
837 1833 964 1899 domus
1002 1833 1117 1901 sancti
1142 1835 1257 1902 Marci
1283 1837 1328 1903 de
1350 1833 1575 1922 Bylleawyke
1600 1833 1707 1900 debet
1733 1843 1867 1902 sectam
1893 1838 2137 1924 proquodam

715 1979 915 2035 tenemento
931 1969 968 2035 in
982 1969 1208 2038 Bradestrete
1223 1973 1317 2058 quod
1330 1972 1512 2038 walterus
1526 1971 1572 2036 de
1586 1969 1782 2056 Frompton
1797 1971 1986 2040 inhabitat

626 2103 821 2172 Mauricius
834 2107 879 2173 de
899 2106 1093 2194 Berkeleye
1108 2109 1214 2176 debet
1235 2119 1368 2174 sectam
1388 2107 1621 2192 proquodam
1636 2117 1838 2176 tenemento
1860 2109 1899 2175 in
1921 2111 2079 2180 Bristoll.
2097 2111 2135 2180 in

712 2243 791 2309 vico
806 2245 909 2310 beate
924 2245 1038 2313 Mario
1052 2245 1148 2330 quod
1162 2245 1341 2331 quondam
1356 2244 1537 2310 Walterus
1553 2241 1658 2329 Goby
1672 2242 1896 2312 inhabitavit

625 2379 806 2447 Robertus
828 2381 980 2468 Prentys
998 2382 1105 2449 debet
1126 2391 1259 2449 sectam
1280 2381 1513 2466 proquodam
1535 2388 1738 2446 tenemento
1759 2379 1797 2446 in
1819 2379 2132 2469 Redeclyveetrete

712 2519 806 2602 quod
822 2517 986 2586 Clemens
1001 2517 1188 2606 Skynnere
1203 2517 1429 2584 inhabitavit.

624 2653 752 2721 Abbas
783 2656 828 2720 de
864 2655 1038 2742 Flexlegh
1070 2655 1176 2724 debet
1208 2665 1340 2721 sectam
1377 2671 1442 2739 pro
1477 2673 1549 2720 uno
1585 2660 1787 2720 tenemento
1825 2651 1863 2720 in
1901 2653 2060 2721 Bristoll.
2092 2654 2130 2721 in

712 2789 983 2876 Wynchestrete
996 2790 1091 2876 quod
1105 2789 1286 2872 Iohannes
1301 2789 1405 2854 Kena
1424 2787 1612 2854 inhabitat

623 2931 806 3016 Johannes
819 2932 865 2997 de
879 2942 1003 2998 sancto
1025 2929 1148 2996 Laudo
1162 2930 1268 2995 debet
1287 2938 1420 2994 sectam
1441 2928 1675 3012 proquodam
1689 2935 1891 2995 tenemento
1913 2927 1951 2994 in
1972 2928 2129 2996 Bristoll.

712 3066 750 3132 in
765 3065 1005 3152 Redynglane
1018 3066 1113 3152 quod
1128 3065 1309 3133 Robertus
1324 3065 1508 3152 Lemystre
1522 3064 1712 3132 inhabitat.

711 3207 894 3291 Johannes
911 3207 1006 3275 Viell

475 3347 483 3364 .
527 3347 535 3364 .
622 3294 806 3378 Johannes
828 3295 874 3361 de
893 3293 1013 3363 Acton
1034 3295 1137 3363 miles
1161 3296 1268 3361 debet
1288 3305 1420 3361 sectam
1442 3314 1507 3378 pro
1531 3295 1687 3379 quodam
1713 3301 1916 3361 tenemento
1940 3293 2072 3362 situeto
2093 3294 2132 3361 in

711 3429 869 3498 Bristoll.
886 3432 985 3498 iuxta
998 3434 1033 3500 le
1047 3431 1270 3520 Blyndeyate
1284 3432 1378 3516 quod
1393 3430 1575 3497 Robertus
1590 3440 1665 3497 atte
1684 3429 1802 3496 Waile
1816 3439 1924 3496 tenet.

624 3570 806 3655 Johannes
819 3574 865 3639 de
880 3583 1005 3640 sancto
1020 3575 1143 3640 Laudo

624 3658 831 3726 nemeaeus
857 3661 904 3726 de
927 3661 1071 3746 ἐγω
1092 3662 1197 3728 debet
1215 3670 1348 3727 sectam
1373 3679 1439 3745 pro
1460 3668 1661 3726 tenemento
1683 3659 1814 3726 situato
1836 3677 1943 3744 super
1964 3659 2000 3725 le
2023 3659 2130 3728 Were

712 3803 807 3886 quod
820 3801 1002 3869 Walterus
1015 3802 1060 3870 de
1074 3802 1217 3869 Bakton
1232 3801 1421 3868 inhabitat.

623 3935 800 4022 Magister
827 3935 993 4023 Rogems
1021 3938 1056 4004 le
1080 3937 1214 4025 Whyte
1238 3938 1344 4004 debet
1367 3945 1501 4002 sectam
1526 3956 1592 4020 pro
1621 3936 1777 4022 quodam
1803 3944 2004 4004 tenemento
2035 3937 2131 4021 quod

711 4071 889 4140 inhabitat
904 4094 1011 4159 super
1025 4073 1181 4162 Kayem.

622 4215 731 4284 Later
765 4217 943 4285 additions
979 4228 1016 4285 to
1053 4218 1115 4284 the
1150 4219 1264 4283 above
1299 4225 1422 4301 entry:
1470 4214 1705 4281 “Willelmua
1737 4213 1913 4292 Hamme;
1950 4215 2132 4284 Waltems

709 4353 923 4439 Frompton;
950 4355 1131 4439 Johannes
1142 4353 1229 4421 Sloo
1240 4349 1308 4443 [et]
1325 4353 1529 4438 Margareta
1544 4371 1634 4418 uxor
1642 4351 1719 4417 eius
1734 4370 1798 4435 pro
1809 4349 1949 4416 duabus
1959 4349 2131 4436 partibus,

710 4489 867 4558 Thomas
893 4491 1121 4577 Cheppenam
1140 4492 1186 4558 de
1209 4491 1383 4557 Hereford
1399 4487 1467 4580 [et]
1485 4489 1690 4575 Margareta
1714 4508 1804 4554 uxor
1828 4489 1905 4554 eius
1931 4508 1998 4575 pro
2022 4486 2132 4554 tercia

712 4629 847 4714 parte?
2131 4624 2133 4628 ’

622 4763 976 4922 Peggegofflend
997 4855 1103 4922 debet
1118 4865 1251 4922 sectam
1272 4873 1337 4940 pro
1352 4861 1553 4919 tenemento
1569 4852 1748 4938 quondam
1771 4851 1923 4920 Roberti
1944 4849 2072 4940 Gyben
2094 4851 2132 4917 in

710 4989 867 5057 Bristoll.
890 4989 928 5055 in
942 4989 1021 5058 vico
1043 4991 1146 5058 beate
1167 4989 1282 5057 Marie
1303 4991 1348 5056 de
1368 4987 1444 5056 foro
1463 4989 1558 5075 quod
1582 4987 1762 5056 Robertus
1784 4987 1970 5076 Skynnere
1992 4989 2131 5056 Bakare

712 5125 901 5194 inhabitat.
