5224 6596
614 793 690 850 200
962 771 1577 868 cantuariensum
1606 776 1794 870 umus

613 1003 755 1052 exnunc
807 985 1068 1076 imperpetuum
1121 987 1210 1058 dicti
1261 989 1444 1074 Johannes
1497 999 1535 1060 et
1593 990 1782 1072 Ricardus,
1838 989 2034 1080 Capeliani,
2090 1005 2127 1062 et

614 1141 834 1190 successores
887 1123 943 1192 sui
985 1126 1108 1194 decem
1152 1125 1286 1194 solidos
1329 1125 1367 1194 in
1410 1147 1505 1214 pane
1546 1129 1764 1216 pauperibus
1805 1148 1870 1217 per
1924 1130 2041 1199 visum
2090 1141 2128 1201 et

611 1256 874 1326 ordinacionem
925 1279 1076 1347 persone
1125 1270 1162 1329 et
1206 1261 1400 1332 Custodum
1443 1264 1591 1332 ecclesie
1633 1265 1800 1352 predicte.
1870 1265 1919 1334 Et
1961 1267 1995 1336 si
2037 1268 2124 1338 dicti

610 1391 794 1478 Johannes
830 1406 866 1464 et
901 1396 1091 1480 Ricardus,
1133 1397 1329 1488 Capeliani,
1370 1411 1407 1470 et
1444 1421 1565 1470 eorum
1604 1421 1824 1472 successores
1863 1403 2051 1491 Capellam
2085 1405 2123 1472 in

613 1517 769 1599 firturum
822 1533 966 1621 aliquod
1009 1536 1206 1604 omittendo
1248 1537 1286 1604 in
1337 1538 1458 1626 aliquo
1495 1539 1643 1607 articulo
1683 1539 1841 1627 predicte
1886 1541 2126 1611 ordinacionis

614 1669 804 1740 defecerint
831 1675 889 1740 ver
918 1641 1095 1758 aeream,
1119 1678 1215 1763 quoa
1238 1677 1342 1758 absit,
1372 1687 1503 1745 extunc
1530 1677 1622 1744 sene
1650 1676 1758 1744 noeat
1775 1675 1905 1764 sunjon
1931 1677 2123 1762 semme,

612 1808 801 1877 heredibus
828 1811 929 1894 meis,
959 1832 1109 1898 persone
1138 1825 1175 1880 et
1203 1812 1418 1884 Custodibus
1447 1815 1541 1883 dicte
1569 1813 1718 1883 ecclesie
1752 1824 1789 1881 et
1824 1833 1946 1884 eorum
1985 1835 2123 1885 succes·

613 1949 764 2030 sonibus,
795 1947 871 2038 'qui
909 1971 975 2039 pro
1016 1961 1176 2039 tempore
1211 1950 1352 2035 fuerint,
1393 1951 1515 2021 omnia
1554 1953 1714 2040 predicta
1752 1955 1937 2044 mesnagis
1973 1953 2123 2042 ingredi,

613 2087 834 2176 distringere,
863 2097 902 2155 et
929 2087 1172 2157 districciones
1200 2109 1311 2180 penes
1340 2108 1379 2156 se
1403 2089 1565 2170 retinere,
1595 2110 1732 2159 necnon
1769 2093 1885 2160 dictos
1922 2091 2121 2176 Johannem

611 2236 648 2292 et
677 2224 873 2292 Ricardum
902 2235 1087 2294 eteorum
1127 2246 1347 2295 successores
1385 2229 1443 2294 vel
1480 2247 1601 2295 eorum
1639 2239 1802 2298 tenentes
1841 2211 1999 2296 totaliter
2037 2229 2121 2296 inde

612 2363 790 2450 expellere
815 2363 893 2432 sine
917 2363 1199 2432 contradiccione
1221 2365 1471 2453 cujuscumque
1489 2385 1671 2454 quousque
1696 2368 1742 2434 de
1764 2367 1930 2436 omnibus
1950 2366 2118 2453 predictis

611 2500 770 2568 seruiciis
799 2510 835 2568 et
864 2501 1029 2569 omnibus
1051 2501 1132 2568 aliis
1156 2502 1313 2569 articulis
1337 2503 1498 2589 superius
1525 2503 1563 2570 in
1592 2485 1671 2570 ista
1687 2503 1915 2572 ordinacione
1947 2506 2123 2574 contentis

610 2659 673 2724 per
713 2659 774 2705 eos
808 2639 914 2725 juxta
952 2637 1215 2707 ordinacionem
1256 2639 1430 2705 dictomm
1469 2655 1622 2724 persone
1659 2645 1697 2705 et
1730 2637 1925 2708 Custodum
1965 2641 2027 2728 qui
2055 2660 2122 2728 pro

612 2787 770 2864 tempore
794 2775 925 2844 mer-int
953 2776 1113 2864 plenarie
1144 2775 1250 2844 berit
1285 2773 1516 2857 satisfacmm,
1561 2795 1603 2842 ac
1640 2775 1753 2843 eciam
1788 2775 1902 2844 donec
1938 2777 2120 2862 Johannes

610 2920 647 2979 et
704 2910 883 2978 Ricardus
935 2911 1130 2999 supradicti
1185 2932 1247 2980 seu
1300 2933 1421 2980 eorum
1474 2932 1695 2981 successores
1742 2913 1848 2982 dictis
1891 2933 2042 3000 persone
2084 2924 2122 2981 et

611 3047 828 3116 Custodibus
856 3047 919 3133 qui
947 3069 1012 3135 pro
1041 3058 1200 3137 tempore
1228 3048 1359 3118 fuerint
1386 3069 1452 3137 pro
1480 3048 1640 3137 quolibet
1663 3049 1811 3118 articulo
1836 3051 1942 3136 juxta
1969 3049 2119 3118 formam

610 3195 648 3254 et
676 3186 938 3254 ordinacionem
968 3186 1130 3274 superius
1158 3197 1345 3257 contentas
1373 3187 1426 3255 sic
1448 3205 1521 3255 non
1544 3189 1721 3273 completo
1745 3187 1792 3252 ad
1822 3185 1992 3254 fabricam
2026 3187 2121 3254 dicte

612 3323 761 3392 ecclesie
793 3323 919 3392 Sancti
956 3324 1132 3411 Johanuis
1170 3325 1342 3394 soluerint
1380 3345 1445 3392 sex
1482 3325 1616 3393 solidos
1656 3332 1694 3391 et
1730 3331 1813 3391 octo
1855 3323 2031 3406 denarios,
2062 3321 2121 3390 Ita

609 3473 729 3538 temen
767 3463 862 3551 quod
900 3463 1081 3550 quamcito
1115 3463 1264 3550 predicti
1305 3462 1488 3549 Johannes
1527 3473 1565 3530 et
1603 3461 1782 3529 Ricardus
1823 3459 2020 3548 Capellani,
2060 3461 2118 3528 vel

608 3619 700 3667 vnus
742 3618 864 3667 eorum
905 3600 964 3667 vel
1002 3599 1131 3687 aliquis
1170 3601 1227 3667 vel
1265 3600 1377 3688 aliqui
1420 3600 1606 3686 Capeliani
1655 3617 1899 3667 successorum
1945 3597 2118 3666 dictorum

608 3735 783 3820 Johannis
824 3746 863 3806 et
904 3735 1055 3804 Ricardi
1097 3737 1225 3806 obierit
1266 3738 1324 3804 vel
1367 3736 1520 3804 obierint
1563 3737 1658 3824 quod
1701 3747 1832 3804 mrmnc
1874 3735 1993 3822 Maior
2031 3733 2117 3800 ville

608 3875 790 3944 Bristollie
817 3875 880 3964 qui
907 3894 973 3963 pro
1001 3885 1161 3964 tempore
1184 3877 1290 3946 fuerit
1318 3877 1441 3944 statim
1468 3885 1550 3964 post
1589 3883 1738 3942 mortem
1776 3873 1890 3960 ipsius
1931 3869 2118 3958 Capeliani

608 4011 766 4080 defuncti
816 4013 926 4080 alium
980 4011 1213 4100 Capellanum
1266 4014 1444 4102 ydoneum
1498 4012 1656 4081 moribus
1713 4021 1751 4079 et
1805 4009 1960 4078 sciencia
2013 4008 2119 4094 juxta

381 4159 584 4213 summano
609 4146 860 4218 discrecionam
889 4147 1003 4234 ipsius
1027 4148 1175 4234 Maioris
1201 4147 1262 4234 qui
1290 4159 1441 4237 protunc
1469 4147 1574 4217 merit
1602 4145 1876 4236 adjudicandum
1900 4145 1980 4212 loco
2004 4142 2118 4230 ipsius

387 4225 576 4344 mm
611 4285 798 4371 Capellani
826 4285 983 4354 defuncti
1012 4287 1059 4352 ad
1085 4284 1216 4352 dictam
1246 4285 1451 4353 Cantariam
1476 4285 1706 4373 presentabit,
1737 4283 1921 4369 eidemque
1962 4277 2118 4348 conferet

612 4423 799 4510 ipsumque
826 4424 866 4491 in
893 4422 1153 4510 possessionem
1183 4423 1340 4510 ejusdem
1370 4421 1537 4492 Canterie
1565 4423 1694 4503 mittet,
1725 4419 1895 4506 imponet,
1925 4415 2021 4484 mitti
2059 4416 2117 4482 vel

608 4559 746 4647 imponi
783 4557 893 4626 faciat
935 4557 1109 4646 corporali
1144 4559 1345 4644 juramento
1387 4561 1434 4627 ab
1474 4579 1516 4626 eo
1555 4559 1602 4626 ad
1644 4557 1779 4627 Sancta
1818 4554 1889 4623 Dei
1918 4552 2141 4640 Euangelia·

608 4695 783 4784 prestito,¹
805 4696 901 4784 quod
929 4695 1028 4764 omni
1056 4715 1162 4777 anno,
1186 4695 1352 4764 videlicet
1381 4697 1491 4763 semel
1520 4697 1558 4762 in
1588 4692 1742 4762 crastino
1773 4691 1898 4761 Sancti
1930 4687 2119 4756 Michaelis

608 4833 839 4921 Archangeli,
868 4832 1013 4901 veniant
1041 4851 1160 4900 coram
1189 4832 1328 4921 Majore
1356 4844 1393 4900 et
1421 4830 1683 4901 Communitate
1706 4829 1910 4898 dinteville
1934 4824 2117 4892 Bristollie

608 4982 644 5041 et
673 4983 819 5060 vterque
848 4991 968 5040 eorum
999 4971 1120 5040 veniat
1147 4971 1339 5058 prestando
1361 4972 1612 5058 juramentum,
1643 4969 1738 5056 quod
1767 4987 1839 5034 non
1878 4963 2118 5033 absentsbunt

1257 5143 1268 5174 ¹
1286 5143 1349 5196 m.
1365 5143 1472 5212 pretato
