5294 6592
639 843 686 912 82
978 835 1076 926 ube
1100 835 1238 927 little
1261 837 1360 926 neo
1384 838 1514 928 lioolt
1539 837 1589 928 of
1620 837 1804 928 iirlstol.

629 1047 755 1112 eodem
791 1046 905 1114 eidem
939 1047 1021 1115 Ade
1049 1049 1157 1116 soluit
1190 1057 1227 1115 et
1255 1049 1424 1134 scripturn
1453 1050 1696 1136 acquietancie
1722 1052 1769 1118 ab
1806 1071 1850 1117 eo
1885 1051 2018 1120 ibidem
2050 1054 2145 1140 oepit

630 1193 668 1249 et
696 1182 845 1249 eandem
875 1183 1153 1270 acquietanciam
1183 1185 1221 1250 in
1250 1184 1409 1271 predicta
1442 1185 1551 1254 Curia
1586 1187 1771 1272 proposuit
1801 1187 1839 1254 in
1869 1209 1940 1274 qua
1969 1198 2051 1256 sunt
2080 1210 2146 1258 sex

634 1326 743 1385 testes
781 1319 955 1386 nominati
994 1321 1055 1407 qui
1095 1341 1219 1388 omnes
1247 1331 1284 1388 et
1313 1323 1447 1410 singuli
1477 1333 1560 1390 sunt
1587 1322 1722 1392 ieoffati
1752 1333 1789 1391 et
1823 1325 2019 1393 residentes
2053 1325 2145 1392 infra

632 1455 832 1522 libertatem
869 1454 994 1524 Sancti
1033 1457 1205 1546 Botulphi
1243 1469 1282 1526 vt
1319 1461 1405 1528 dicit
1440 1473 1506 1528 etc.
1565 1461 1701 1528 Datum
1739 1472 1795 1530 est
1835 1463 1931 1548 apud
1972 1459 2143 1530 Sanctum

635 1593 851 1680 Botulphum
881 1595 918 1662 in
948 1597 1102 1664 crastino
1131 1596 1255 1666 Sancti
1289 1597 1431 1680 Botulfi,
1466 1618 1561 1667 anno
1598 1599 1700 1685 regni
1744 1599 1840 1684 regis
1874 1597 2041 1666 Edwardi
2078 1597 2143 1666 filii

634 1732 730 1818 regis
760 1731 907 1799 Henrici
935 1733 1033 1820 xiij.”
1089 1733 1169 1820 Qua
1201 1737 1445 1822 acquietancia
1479 1737 1568 1820 visa,
1608 1737 1702 1804 lecta
1741 1747 1778 1804 et
1817 1737 2011 1818 intellecta,
2047 1747 2084 1803 et
2120 1757 2143 1804 a

636 1872 795 1955 predicto
823 1872 943 1937 Adam
972 1873 1133 1956 plenarie
1162 1873 1323 1959 inspecta
1349 1873 1537 1941 ¹oonsitum
1573 1873 1641 1940 fuit
1674 1875 1721 1940 ab
1757 1893 1800 1940 eo
1831 1874 1863 1940 si
1899 1873 2143 1958 acquietaucia

635 2007 699 2073 illa
726 2007 792 2074 fuit
813 2008 944 2076 facturn
974 2031 1087 2077 suum.
1132 2011 1180 2077 lit
1204 2013 1249 2079 de
1274 2012 1342 2079 hoc
1366 2011 1486 2097 posuit
1515 2030 1553 2078 se
1582 2021 1656 2076 tam
1687 2029 1793 2096 super
1817 2019 1926 2078 testes
1949 2011 1988 2077 in
2017 2011 2141 2077 eadem

635 2143 879 2228 acquietencia
902 2145 1104 2212 nominatos
1129 2167 1236 2232 quam
1266 2167 1373 2233 super
1401 2149 1553 2234 patriam
1580 2148 1642 2215 vbi
1677 2147 1921 2233 acquietancia
1946 2146 2010 2212 illa
2043 2145 2140 2213 iacta

633 2283 709 2350 suit.
768 2283 817 2350 Et
850 2285 1028 2371 predictus
1070 2287 1272 2354 Bernartius
1310 2285 1397 2352 dicit
1437 2287 1533 2371 quod
1573 2284 1650 2370 ipse
1691 2285 1737 2351 ad
1776 2285 1844 2350 hoc
1885 2283 2026 2348 admitti
2069 2303 2142 2349 non

631 2418 758 2494 debet;
802 2417 889 2485 dicit
928 2421 1023 2486 enim
1063 2423 1158 2506 quod
1198 2421 1275 2506 ipse
1312 2421 1378 2490 fuit
1414 2424 1503 2490 alias
1541 2423 1756 2489 attachiatus
1801 2421 1935 2488 scilicet
1975 2421 2038 2506 xiij
2082 2420 2141 2487 die

632 2554 729 2636 Junii
769 2575 864 2622 anno
906 2558 1009 2644 regni
1048 2559 1143 2645 regu
1186 2560 1353 2628 sewardi
1392 2561 1457 2627 fini
1494 2561 1609 2646 Regis
1646 2558 1794 2626 Henna
1834 2559 1870 2644 xj
1914 2559 1951 2623 tn
1987 2556 2141 2625 ciuitate

633 2689 793 2756 London.
826 2693 874 2757 ad
916 2696 1198 2780 respondendum
1242 2698 1356 2764 eidem
1400 2696 1481 2762 Ade
1524 2697 1569 2761 de
1613 2695 1738 2760 eodem
1781 2692 1903 2760 debito
1947 2693 2139 2759 secundum

633 2826 750 2912 legem
790 2837 826 2893 et
866 2831 1155 2898 consuetudinem
1197 2833 1442 2900 mercatoriam
1482 2851 1601 2898 coram
1644 2830 1850 2898 vicecomite
1903 2829 2063 2896 London.
2102 2830 2141 2895 in

633 2965 744 3050 gylde
787 2968 871 3032 aula
915 2967 1058 3046 ibidem,
1100 2981 1138 3036 et
1179 2972 1274 3057 quod
1315 2973 1392 3058 ipse
1434 2970 1566 3037 ibidem
1604 2968 1704 3036 venit
1740 2977 1778 3033 et
1816 2967 1855 3034 in
1893 2967 2001 3053 plena
2044 2965 2142 3032 curia

632 3101 781 3169 eandem
820 3103 1099 3188 acquietanciam
1138 3107 1175 3175 in
1216 3107 1420 3194 placitando
1459 3115 1583 3173 contra
1623 3103 1739 3189 ipsum
1782 3102 1903 3169 Adam
1946 3101 2140 3186 proposuit,

632 3219 704 3323 qua
747 3241 992 3327 acquietancia
1035 3243 1167 3312 ibidem
1211 3257 1295 3312 tunc
1337 3254 1411 3311 tam
1450 3263 1496 3310 ex
1535 3251 1636 3326 parte
1677 3240 1782 3309 Curie
1822 3259 1929 3325 quam
1962 3259 2009 3304 ex
2038 3247 2140 3324 parta

632 3375 745 3461 ipsius
781 3377 863 3444 Ade
902 3379 996 3445 lecta
1034 3391 1070 3446 et
1111 3381 1300 3463 intellecta,
1335 3381 1430 3448 idem
1466 3380 1585 3446 Adam
1625 3377 1819 3464 predictam
1859 3375 2139 3461 acquietanciam

633 3513 770 3581 dedixit
799 3515 943 3583 omnino
973 3527 1009 3583 et
1033 3519 1128 3603 quod
1157 3519 1234 3605 ipse
1264 3537 1445 3605 nunquam
1474 3517 1573 3582 illam
1608 3513 1888 3601 acquietanciam
1917 3513 2000 3579 fecit
2029 3521 2066 3578 et
2093 3513 2139 3578 de

481 3695 488 3708 ·
536 3695 542 3708 ·
631 3653 699 3718 hoc
728 3661 812 3718 tum
842 3653 933 3719 sicut
962 3673 1056 3721 nunc
1081 3655 1200 3740 posuit
1229 3675 1267 3722 se
1302 3665 1377 3722 tam
1410 3673 1515 3740 super
1550 3661 1660 3719 testes
1698 3652 1736 3717 in
1775 3652 1899 3717 eadem
1938 3650 2139 3734 nominatos

631 3809 738 3874 quam
764 3811 870 3876 super
897 3795 988 3860 alios
1013 3795 1143 3880 probos
1168 3802 1204 3859 et
1230 3793 1365 3878 legales
1388 3791 1550 3858 homines
1572 3791 1618 3857 de
1642 3791 1782 3858 visneto
1806 3788 1931 3857 Sancti
1956 3789 2138 3875 Botulphi.

550 3905 555 3914 ’
630 3925 679 3992 Et
707 3926 802 4012 quod
831 3947 897 3995 nec
924 3928 1074 4015 predicti
1103 3940 1213 3996 testes
1242 3950 1307 3996 nec
1338 3930 1400 3996 alii
1429 3930 1532 4015 probi
1565 3928 1728 3995 homines
1753 3928 1799 3994 de
1832 3927 1972 3994 visneto
2014 3925 2138 3994 Sancti

631 4063 802 4149 Botulphi
845 4064 987 4132 fuerunt
1029 4065 1123 4132 inira
1165 4069 1378 4152 potestatem
1422 4087 1484 4133 seu
1527 4067 1727 4133 libertatern
1764 4064 1930 4134 Ciuitatis
1966 4063 2138 4144 London.,

628 4201 806 4284 predictus
841 4201 1044 4268 Bernartius
1074 4203 1154 4270 illos
1182 4204 1356 4270 adducere
1390 4222 1455 4269 nec
1484 4203 1579 4270 circa
1615 4203 1789 4289 premissa
1822 4201 2019 4269 examinari
2060 4201 2138 4267 sine

629 4334 763 4402 auxilio
796 4336 953 4421 predicte
989 4337 1093 4406 Curie
1133 4339 1247 4406 facere
1279 4339 1395 4425 potuit
1419 4349 1524 4424 prout
1549 4336 1690 4417 iurauit,
1711 4346 1748 4404 et
1776 4337 1822 4404 ab
1843 4335 1923 4402 aliis
1948 4334 2138 4421 fidedignis

629 4471 695 4538 fuit
724 4483 809 4539 tunc
838 4473 970 4542 ibidem
1000 4483 1168 4543 testatum
1197 4496 1262 4562 per
1289 4479 1438 4543 eandem
1468 4474 1621 4555 Curiam,
1651 4474 1770 4541 extitit
1804 4474 1995 4540 secundum
2020 4472 2137 4559 legem

629 4620 667 4678 et
709 4614 999 4682 consuetudinem
1054 4617 1301 4682 mercatoriam
1352 4615 1612 4681 consideratum
1656 4631 1763 4696 super
1803 4609 1873 4676 hiis
1915 4609 2060 4676 balliuis
2102 4620 2139 4676 et
2182 4672 2184 4675 .

630 4749 752 4834 probis
781 4715 985 4818 hominibus
1015 4750 1141 4819 Sancti
1177 4752 1348 4839 Botulphi
1382 4762 1418 4818 et
1453 4749 1612 4818 eiusdem
1651 4747 1722 4814 loci
1762 4744 2036 4814 communitatis
2072 4747 2139 4813 sub

561 4845 591 4970 ,ο
630 4885 750 4973 sigillo
781 4887 875 4954 dicte
911 4888 1070 4974 gildaule
1108 4889 1182 4958 iore
1219 4889 1429 4956 mittendum
1466 4889 1512 4956 ob
1548 4879 1809 4949 vicicitddiuem
1847 4881 2138 4947 intermutuarum

629 5031 812 5106 optentum
852 5028 1012 5111 rogando
1050 5029 1146 5112 quod
1184 5025 1252 5113 ipsi
1290 5031 1485 5092 conuocata
1521 5020 1628 5088 Curia
1663 5037 1729 5084 sua
1761 5027 1798 5084 et
1834 5017 1916 5083 aliis
1945 5036 2063 5084 coram
2099 5037 2137 5082 se

849 5195 1008 5265 ¹(tresiani,
1031 5198 1075 5250 the
1093 5199 1173 5250 scribe
1194 5197 1286 5262 having
1308 5195 1384 5247 taken
1405 5193 1449 5246 the
1470 5209 1488 5260 q
1508 5193 1548 5244 ior
1566 5192 1610 5244 the
1630 5189 1788 5242 connection
1809 5188 1848 5239 ior
1867 5203 1926 5240 con.
