5224 6596
600 758 667 830 162
929 750 1027 842 obe
1050 751 1189 842 little
1213 751 1311 841 uro
1336 750 1465 842 Socii
1489 751 1548 840 ofv
1569 750 1756 844 unetos

595 961 730 1030 domini
777 963 848 1030 mei
888 962 1006 1050 Regis
1048 963 1208 1047 fuissent,
1252 965 1372 1051 eliqua
1413 963 1650 1050 prerogativa,
1689 965 1879 1054 privilegio
1917 967 1974 1034 vei
2010 967 2105 1036 iren·

594 1099 708 1166 cirisis
751 1119 823 1167 non
869 1101 1047 1181 obstante,
1095 1109 1202 1188 prout
1248 1102 1286 1168 in
1333 1101 1467 1174 eisdem
1518 1100 1646 1168 litteris
1696 1102 1742 1169 de
1793 1102 2017 1172 libemubus
2068 1113 2106 1172 et

593 1235 790 1324 privilegiis
818 1236 923 1304 nobis
958 1237 1041 1305 inde
1076 1236 1244 1306 confectis
1280 1237 1421 1324 plenius
1456 1237 1667 1304 continetur.
1726 1235 1918 1306 sentus
1954 1259 2022 1306 nos
2057 1257 2104 1308 ex

592 1372 744 1440 licencia
792 1373 1072 1442 metuendissimi
1121 1373 1259 1442 domini
1308 1372 1380 1440 mei
1422 1371 1540 1458 Regis
1582 1371 1762 1440 dimisisse
1804 1384 1842 1442 et
1886 1376 2103 1444 concessisse

593 1509 749 1595 Jobnnni
770 1509 924 1591 Fissher,
952 1511 1083 1578 Maiori
1110 1511 1196 1578 ville
1220 1509 1401 1577 Bristoliie
1427 1527 1470 1574 ec
1495 1507 1751 1576 Communiteti
1777 1509 1935 1578 eiusdem
1958 1511 2042 1577 ville
2067 1521 2105 1578 et

594 1647 855 1714 successoribus
883 1647 957 1716 suis
985 1649 1032 1716 ed
1061 1657 1172 1714 totum
1206 1657 1363 1714 nostram
1384 1645 1495 1712 vitem
1531 1643 1726 1729 predictum
1762 1646 1885 1714 villsrn
1921 1645 2103 1714 Bristoilie

594 1801 675 1848 cum
715 1783 894 1850 suburbiis
929 1783 1097 1864 eiusdem,
1137 1803 1217 1850 cum
1262 1779 1385 1868 portis,
1425 1779 1531 1848 fossis
1567 1788 1604 1846 et
1639 1779 1760 1860 muris,
1797 1800 1841 1848 ec
1875 1780 1995 1848 omnis
2031 1779 2104 1846 elie

595 1917 754 2002 predicta
782 1926 894 1984 terres
921 1927 958 1985 et
985 1927 1188 1985 tenemento
1216 1935 1296 1983 cum
1325 1918 1379 1984 les
1408 1914 1674 1983 fflessbarnelles
1700 1915 1738 1982 in
1762 1917 1886 1984 eedem
1911 1915 1999 1983 ville
2022 1935 2102 1982 cum

596 2051 769 2132 domibus,
808 2051 940 2138 shopis‚
977 2053 1139 2140 cotsgiis,
1175 2054 1296 2137 celdis,
1332 2053 1440 2136 tostis,
1477 2055 1649 2142 gerdinis,
1684 2055 1911 2140 molendinis,
1951 2055 2102 2142 stagnis,

597 2183 700 2273 Tyra
732 2185 859 2268 Cestii,
891 2187 1098 2269 redditibus,
1129 2189 1333 2277 lerrgebilis,
1360 2192 1560 2274 theoloniis,
1582 2192 1725 2279 placitis
1748 2193 1852 2274 curie,
1877 2203 1915 2262 et
1937 2193 2103 2260 omnibus

597 2321 679 2388 eliis
713 2321 1028 2405 iurisdiccionibus,
1064 2326 1381 2394 consuetudinibus
1416 2337 1453 2394 et
1489 2329 1718 2416 pertinenciis
1754 2329 1839 2397 ville
1874 2329 2032 2416 predicte
2066 2339 2103 2396 et

597 2457 841 2525 suburbiorum
869 2458 1027 2526 eiusdem
1062 2479 1142 2528 curn
1171 2461 1408 2547 pertinerrciis,
1440 2483 1481 2530 ac
1511 2463 1632 2530 omnia
1659 2473 1696 2530 et
1730 2463 1873 2553 singule
1907 2464 2101 2544 libenstes,

595 2593 782 2681 privilegis
828 2603 865 2661 et
906 2593 1122 2662 munecius
1173 2595 1413 2684 superscripto
1455 2607 1494 2664 et
1535 2597 1648 2664 eciem
1692 2597 1892 2684 subscripta
1933 2599 1972 2664 in
2016 2597 2103 2666 ville

595 2727 754 2814 predicte
780 2728 961 2796 Bristoliie
984 2737 1021 2796 et
1049 2729 1227 2798 suburbiis
1263 2731 1433 2812 eiusdem,
1463 2751 1602 2799 necnon
1636 2731 1674 2798 in
1697 2732 1862 2800 omnibus
1887 2742 1925 2800 et
1949 2732 2102 2820 singulis

594 2865 683 2931 locis
731 2863 823 2932 infra
872 2863 1091 2950 procinctum
1141 2865 1298 2933 eiusdem
1348 2867 1433 2934 ville
1483 2869 1707 2954 emergencia
1758 2867 1834 2936 sive
1889 2868 2100 2950 eccidencie,

595 3002 720 3070 Castro
771 3011 808 3069 et
860 3001 1003 3070 motis
1047 3003 1204 3070 eiusdem
1259 3001 1376 3070 Cestri
1427 3003 1585 3090 exceptis
1638 3013 1756 3089 preter
1810 3023 1951 3072 cursum
2010 3023 2103 3090 eque

593 3138 810 3206 decurrentis
860 3139 898 3204 in
940 3139 1108 3225 predictis
1150 3131 1294 3206 mesatis
1335 3158 1458 3206 versus
1501 3139 1743 3206 molendinum
1782 3140 1908 3207 subtus
1946 3149 2101 3208 castrum

593 3274 685 3342 sicut
726 3295 773 3342 ex
816 3275 963 3363 nntiquo
1005 3273 1188 3343 consuevit
1229 3295 1310 3342 curn
1366 3273 1453 3362 ripis
1500 3275 1658 3343 eiusdem
1703 3295 1795 3361 aque
1837 3295 1902 3362 per
1946 3275 2102 3361 spatium

593 3423 743 3498 quatuor
794 3412 924 3497 pedum
968 3412 1006 3479 in
1054 3411 1241 3480 latitudine
1294 3432 1418 3480 versus
1462 3376 1615 3480 cestrum
1670 3412 1887 3498 predictum
1937 3412 2102 3482 videlicet

593 3549 689 3634 quod
738 3547 888 3635 predicti
938 3547 1056 3617 Maior
1104 3557 1141 3616 et
1195 3547 1438 3618 Communites
1490 3551 1576 3618 ville
1625 3551 1783 3638 predicte
1833 3551 2015 3619 Bristoilie
2064 3561 2101 3619 et

594 3703 812 3752 successores
848 3683 903 3752 sui
931 3685 1087 3753 hebeent
1116 3686 1162 3752 ad
1191 3695 1301 3754 totern
1323 3687 1434 3754 vitem
1466 3698 1625 3756 nostram
1655 3688 1778 3754 omnin
1806 3685 1907 3770 fines,
1939 3690 2100 3773 redemp-

595 3821 715 3888 ciones
750 3829 787 3886 et
822 3820 1096 3888 emmciarnentn
1137 3821 1295 3890 omnium
1341 3823 1525 3889 hominum
1569 3831 1606 3890 et
1648 3822 1849 3890 oenencium
1893 3823 1932 3890 in
1978 3833 2015 3890 et
2056 3823 2103 3890 de

594 3954 772 4036 dominiis,
816 3953 993 4039 maneriis,
1036 3955 1140 4022 terris
1180 3965 1218 4023 et
1260 3956 1472 4024 tenementis
1519 3977 1562 4024 ec
1601 3957 1639 4024 in
1683 3957 1835 4044 singulis
1877 3959 1967 4026 iocis
2010 3957 2102 4026 inire

595 4091 813 4178 procinctum
850 4090 1007 4158 eiusdem
1042 4092 1126 4158 ville
1162 4091 1343 4158 Bristollie
1379 4091 1614 4159 existentibus
1645 4112 1709 4177 per
1737 4091 1911 4179 preienrrn
1940 4102 2084 4160 metuen

598 4226 782 4294 dissimum
810 4226 992 4294 dominum
1020 4245 1138 4294 meum
1168 4226 1308 4314 Regem
1337 4226 1441 4294 nobis
1469 4245 1639 4294 concesse
1673 4236 1709 4294 et
1745 4228 1940 4314 assignate,
1971 4226 2098 4294 Castro

446 4408 455 4425 .
499 4409 505 4422 .
597 4371 634 4428 et
668 4359 811 4428 fossatis
838 4359 997 4427 eiusdem
1026 4359 1142 4428 Cestri
1177 4359 1345 4448 exceptis,
1374 4371 1414 4427 ut
1449 4361 1645 4446 predictum
1681 4370 1758 4440 est;
1807 4381 1946 4429 necnon
1981 4361 2099 4428 exitus

596 4493 792 4564 forisfactos
827 4505 865 4564 et
899 4497 1020 4562 omnia
1055 4517 1123 4583 que
1159 4497 1205 4564 sd
1246 4497 1362 4584 ipsum
1399 4496 1726 4566 metuendissimum
1761 4497 1943 4564 dominum
1980 4515 2123 4604 meum?

597 4632 738 4720 Regem
774 4641 811 4699 et
844 4631 992 4699 heredes
1027 4651 1111 4699 suos
1145 4639 1182 4698 et
1219 4632 1265 4698 ad
1301 4651 1368 4698 nos
1404 4632 1450 4699 sd
1486 4641 1598 4698 toturn
1635 4629 1746 4699 vitam
1779 4639 1936 4697 nostrem
1967 4629 2098 4696 virtute

598 4769 834 4838 concessionis
861 4767 1019 4855 predicte
1047 4768 1133 4836 dicti
1161 4768 1440 4837 metuendissimi
1468 4767 1602 4836 domini
1630 4767 1702 4834 mei
1731 4766 1847 4854 Regis
1877 4767 1981 4834 nobis
2006 4765 2098 4880 facte

599 4905 692 4973 infra
712 4904 835 4972 villam
857 4903 1015 4970 Bristolb
1044 4913 1080 4970 et
1106 4903 1326 4991 procinctum
1349 4903 1506 4972 eiusdem
1530 4902 1706 4990 pertinere
1730 4911 1896 4988 poterunt
1920 4903 1965 4969 de
1990 4920 2096 4980 enno,

600 5043 659 5110 die
694 5051 731 5110 et
765 5051 879 5124 vesto,
910 5039 1140 5110 forisioeturis
1167 5052 1204 5110 et
1232 5043 1383 5110 murdris
1418 5044 1457 5109 in
1493 5043 1781 5130 quibuscumque*
1806 5042 1913 5110 curiis
1950 5042 2024 5109 suis
2061 5051 2099 5108 et
