5224 6596
845 849 943 942 doe
966 847 1227 940 nitriensi
1252 847 1380 938 Boolt
1405 848 1456 938 oi
1486 850 1674 942 austri.
1865 905 1868 912 ,
1939 875 2009 952 ²05

509 1061 739 1131 celebrandas
778 1083 849 1130 non
889 1064 1025 1132 venerit
1064 1082 1131 1132 nec
1169 1061 1389 1131 oblacionem
1429 1082 1494 1150 pro
1534 1083 1574 1132 se
1609 1063 1843 1132 transmiserit
1881 1083 2011 1152 penam

508 1197 615 1266 trium
653 1198 876 1267 denariorum
920 1201 1112 1287 subiaceat.
1171 1196 1243 1287 Qui
1285 1199 1332 1266 ad
1375 1200 1545 1288 exequias
1587 1220 1660 1269 non
1703 1201 1840 1270 venerit
1882 1221 2011 1288 penam

509 1337 636 1405 subeat
663 1357 727 1404 sex
755 1337 977 1406 denariorum
1006 1338 1077 1405 nisi
1104 1346 1365 1424 procuratorem
1394 1337 1629 1408 transmiserit
1657 1339 1716 1406 vel
1751 1338 2013 1408 racionabiliter

507 1472 622 1558 possit
663 1473 826 1542 excusari
868 1485 1074 1562 proouator
1115 1493 1228 1560 penas
1261 1475 1398 1562 ‘exigat
1446 1495 1469 1542 a
1515 1474 1668 1564 singulis
1705 1495 1785 1544 cum
1825 1475 2012 1546 commisse

507 1606 638 1676 firerint
665 1619 702 1676 et
729 1610 913 1696 recipiant.
972 1609 1130 1698 Quisque
1158 1611 1305 1680 missam
1333 1612 1378 1678 de
1407 1630 1529 1680 mense
1557 1611 1616 1679 die
1640 1631 1705 1680 suo
1730 1611 1895 1692 celebret,
1919 1631 2012 1680 unus

507 1754 591 1831 post
619 1743 739 1828 alium,
769 1745 861 1812 sicut
888 1747 1080 1833 premuniti
1107 1747 1237 1816 luerint
1262 1768 1286 1816 a
1313 1756 1549 1835 procuratore,
1587 1749 1644 1816 vel
1680 1769 1745 1836 per
1780 1769 1820 1818 se
1856 1750 1913 1817 vel
1949 1769 2014 1836 per

509 1881 643 1948 socium
681 1883 712 1950 si
749 1901 877 1950 uacare
914 1904 986 1952 non
1026 1884 1166 1971 poterit.
1229 1884 1445 1954 Oblaciones
1485 1905 1556 1972 que
1594 1887 1743 1954 veniunt
1780 1889 1828 1956 ad
1867 1888 2013 1956 missam

507 2019 623 2106 primo
662 2021 720 2088 die
760 2021 818 2088 vel
855 2021 1009 2088 secundo
1051 2020 1110 2088 die
1152 2021 1285 2090 mensis
1328 2023 1471 2110 quando
1515 2031 1681 2090 cantatur
1730 2043 1795 2112 pro
1823 1999 2014 2094 'defunctis

508 2156 680 2226 confraria
732 2159 889 2244 predicte
941 2169 1165 2226 reseruentur
1208 2177 1272 2247 per
1314 2169 1576 2246 procuratorem
1614 2161 1652 2228 in
1691 2163 1795 2228 theca
1835 2163 2013 2231 communi

507 2293 806 2364 confraternitatis
848 2298 895 2363 ad
938 2295 1230 2365 distribuendum¹
1271 2298 1487 2384 pauperibus
1526 2299 1572 2366 de
1606 2297 1894 2366 confraternitate
1931 2319 2012 2368 cum

508 2433 682 2522 eguerint,
717 2436 774 2502 vel
815 2433 913 2500 aliud
945 2433 1131 2521 negocium
1172 2432 1424 2520 perficiendum
1462 2435 1557 2521 quod
1597 2435 1644 2502 ad
1683 2435 1872 2502 utilitatem
1907 2433 2013 2503 fuerit

507 2569 806 2640 confraternitatis
834 2569 1068 2639 manifestam.
1135 2570 1384 2638 Procuratores
1414 2568 1713 2640 confraternitatis
1741 2591 1861 2640 coram
1897 2592 2014 2640 sacer·

508 2705 650 2774 dotibus
682 2706 727 2772 de
762 2703 1049 2772 confraternitate
1084 2707 1194 2774 semel
1229 2707 1268 2774 in
1304 2727 1399 2775 anno
1433 2709 1492 2776 vel
1527 2707 1662 2796 pluries
1690 2709 1722 2776 si
1756 2711 1873 2778 visum
1908 2709 2014 2778 fiterit

509 2841 676 2928 expedire
711 2841 1032 2909 administracionis
1067 2860 1131 2910 sue
1167 2850 1368 2928 compotum
1411 2840 1611 2932 redea[n]t;
1662 2843 1814 2932 quisque
1848 2844 2014 2913 sacerdos

507 2977 722 3065 parochialis
761 2978 807 3046 de
844 2975 1129 3046 confraternitate
1169 2979 1321 3066 singulis
1360 2979 1487 3046 diebus
1517 2963 1714 3046 ‘dominicis
1749 2978 1843 3047 inter
1878 2988 2014 3052 oetoecs

506 3133 628 3200 preces
667 3123 743 3183 oret
781 3133 847 3201 pro
886 3113 1053 3188 fratribus
1087 3125 1124 3180 et
1161 3111 1339 3180 sororibus
1368 3111 1413 3177 de
1442 3106 1738 3190 confraternitate,
1769 3108 1862 3176 iuter
1889 3127 2013 3196 preces

507 3249 667 3317 uiuorum
705 3269 771 3338 pro
813 3251 917 3332 viuis,
960 3251 1053 3320 inter
1095 3269 1218 3340 preces
1261 3259 1478 3316 mortuorum
1520 3265 1587 3335 pro
1629 3243 1815 3314 defunctis
1884 3245 2014 3315 Nullus

508 3386 729 3452 sacerdotum
779 3387 825 3456 de
869 3387 1127 3455 conuocacione
1170 3387 1229 3455 die
1271 3385 1405 3454 mensis
1448 3383 1612 3451 iacienda
1655 3392 1849 3469 antequam
1891 3382 2015 3451 diuina

507 3524 727 3590 celebrennrr
754 3525 897 3592 recedat
924 3524 994 3592 nisi
1023 3523 1286 3592 racionabiliter
1320 3521 1426 3590 iuuerit
1463 3531 1673 3598 eacusams3
1722 3533 1777 3587 set
1812 3519 2014 3606 quindecim

505 3659 664 3744 psalmos
692 3659 788 3728 dicat
815 3659 1055 3746 vnusquisqus
1082 3680 1148 3746 pro
1177 3658 1350 3729 defunctis
1382 3660 1467 3724 dum
1504 3657 1615 3724 missa
1650 3667 1825 3724 cantatur.
1884 3656 2013 3726 Nullus

506 3795 719 3864 confratrum
748 3799 832 3864 dum
861 3797 971 3864 missa
999 3806 1163 3864 cantatur
1190 3817 1254 3885 per
1281 3795 1467 3864 ecclesiam
1496 3783 1671 3861 discturat
1699 3800 1754 3860 set
1784 3793 1823 3859 in
1852 3793 2011 3862 mucello

506 3941 601 4000 stent
633 3952 757 4001 omnes
789 3935 846 4000 vel
878 3933 1116 4021 genuflectant
1144 3944 1184 4002 vt
1212 3935 1368 4020 ipsorum
1397 3931 1562 4019 exemplo
1589 3931 1672 4000 laici
1700 3939 1935 4018 prouocentur
1963 3931 2012 4000 ad

504 4069 698 4136 consimile.
752 4069 881 4138 Nullus
910 4073 956 4138 ad
981 4071 1192 4140 confr-ariam
1214 4071 1404 4158 recipiatur
1426 4069 1498 4138 nisi
1523 4089 1589 4156 per
1613 4067 1801 4137 consilium
1826 4087 2013 4138 commuue

505 4203 737 4272 confratrum:
781 4205 1003 4292 recipiendus
1035 4216 1154 4273 autem
1183 4205 1231 4274 sit
1258 4205 1314 4272 vir
1340 4203 1489 4271 honeste
1523 4199 1808 4270 conuersaciouis
1846 4209 1883 4268 et
1918 4200 2011 4268 bone

503 4338 596 4407 fame
623 4351 751 4428 potens
780 4339 989 4410 contrariam
1019 4343 1191 4410 sustinere
1216 4351 1252 4410 et
1276 4338 1555 4408 confraternitati
1588 4339 1765 4424 prodesse.
1822 4335 2009 4422 Jurameu·

289 4495 478 4566 sicarum
503 4489 579 4548 tum
622 4479 719 4546 illius
762 4477 823 4566 qui
866 4479 1033 4566 recipitur
1076 4481 1122 4548 ad
1164 4478 1375 4547 confrariam
1418 4477 1466 4544 sit
1508 4475 1728 4562 tales-Ego
1771 4471 1817 4542 N.
1861 4475 1921 4543 vel
1962 4472 2009 4542 N.

353 4573 407 4616 m
505 4617 686 4685 sustinebo
707 4615 917 4684 consanam
939 4636 1046 4703 quam
1069 4615 1248 4701 ingredior
1268 4633 1375 4700 quam
1397 4613 1459 4681 diu
1487 4611 1704 4680 facultatem·
1720 4611 1897 4688 batuam
1927 4612 2010 4680 volo

504 4751 783 4822 confratemitati
810 4753 979 4840 prodesse
1003 4772 1075 4822 non
1100 4753 1245 4829 obesse;
1274 4751 1433 4818 redditus
1456 4762 1492 4818 et
1518 4751 1590 4818 alia
1614 4751 1661 4816 ad
1685 4727 2016 4818 confraternitatem

504 4889 706 4975 spernes
740 4890 822 4957 voro
857 4859 1043 4956 eumaem
1079 4888 1228 4956 consuto
1250 4896 1301 4954 -st
1341 4886 1475 4954 aurun
1515 4907 1596 4956 cum
1633 4903 1777 4954 neeesse
1816 4885 1932 4966 nent,
1971 4895 2008 4954 st

503 5027 598 5094 bona
625 5027 683 5093 vel
711 5025 897 5112 pecuniam
926 5026 1021 5094 dicte
1056 5023 1354 5094 confraternitatis
1389 5024 1522 5092 utiliter
1557 5020 1769 5102 ministrare,
1805 5029 2007 5107 compotum

1083 5198 1114 5229 '¹
1131 5197 1193 5250 MS.
1209 5197 1408 5252 dirbubcndum
