5294 6592
864 779 962 870 libe
984 777 1122 868 little
1147 776 1245 868 lieo
1270 775 1399 866 boob
1424 777 1474 867 ot
1504 776 1691 870 bucol
1981 805 2026 878 77

523 991 591 1057 hoc
615 999 761 1076 petant;
783 1001 821 1059 ct
844 992 1000 1059 habeant
1028 993 1073 1059 de
1101 991 1235 1059 eisdem
1260 1009 1399 1076 semper
1426 1009 1493 1076 pro
1520 1011 1547 1059 x
1574 991 1678 1058 lineis
1700 1012 1810 1058 vnum
1835 993 2030 1062 denarium.

502 1126 573 1195 ‘Et
601 1128 684 1196 licat
711 1127 801 1196 forte
841 1127 959 1196 minus
999 1128 1179 1196 contineat
1215 1127 1347 1194 babeat
1385 1147 1494 1194 vnum
1531 1127 1728 1196 denudum.
1782 1127 1832 1194 Et
1871 1127 2032 1218 signetur

523 1269 596 1336 tale
621 1269 872 1358 transcriptum
901 1290 981 1338 cum
1009 1289 1081 1339 vno
1109 1279 1205 1337 certo
1233 1279 1270 1336 et
1299 1267 1443 1354 cognito
1481 1267 1587 1353 signo
1626 1265 1738 1352 ipsius
1778 1265 1896 1332 clerici
1935 1267 2031 1352 quod

524 1404 666 1491 signum
696 1425 876 1492 nunquam
905 1405 1108 1475 mutabitur.
1153 1405 1202 1473 Et
1230 1405 1405 1472 inseratur
1441 1423 1571 1471 noman
1606 1410 1642 1468 et
1681 1421 1880 1490 cognomen
1919 1402 2033 1490 ipsius

523 1543 641 1610 clerici
666 1563 817 1611 vnacum
846 1545 942 1612 dicto
978 1545 1083 1632 signo
1122 1564 1186 1612 suo
1224 1543 1262 1610 in
1299 1543 1424 1609 eodem
1464 1539 1676 1626 transcripto
1714 1540 1766 1606 ita
1803 1541 1899 1625 quod
1941 1541 2031 1608 alias

523 1677 726 1745 huiusmodi
754 1679 921 1748 libencio
950 1699 1024 1745 non
1052 1680 1171 1746 valeat
1206 1677 1333 1746 dedici.

522 1935 608 2016 DE
669 1937 947 2042 slGlLLls
974 1939 1288 2018 FERIARUM
1341 1939 1428 2014 ET
1481 1937 1896 2016 MERCATORUM
1952 1937 2041 2014 ET

992 2091 1206 2170 EORUM
1252 2074 1555 2168 cusronsrs

653 2235 835 2306 Statutum
872 2249 928 2308 eet
971 2241 1065 2326 quod
1109 2259 1214 2308 omne
1264 2250 1457 2307 mercatum
1507 2239 1639 2306 habeat
1688 2258 1797 2306 vnum
1847 2257 2032 2305 commune

523 2375 680 2462 sigillum
720 2384 757 2443 et
799 2378 895 2464 quod
937 2379 1031 2445 idem
1076 2379 1235 2466 sigillum
1278 2377 1421 2445 domino
1461 2377 1519 2444 vel
1563 2377 1758 2444 senescallo
1797 2386 1835 2443 st
1880 2386 2031 2462 quatuor

522 2510 644 2596 probis
689 2509 854 2580 fidelibus
902 2523 939 2580 ct
988 2511 1242 2581 sufficientibus
1284 2514 1330 2580 de
1370 2515 1495 2580 eodem
1543 2522 1698 2580 mercato
1745 2523 1782 2581 at
1825 2513 1863 2579 in
1901 2513 2029 2580 eodem

521 2655 675 2716 mercato
710 2645 863 2715 feoffatis
905 2651 1066 2718 tradatur
1102 2653 1381 2732 custodiendum,
1410 2653 1469 2718 vel
1507 2651 1667 2737 pluribus
1707 2652 1765 2718 vel
1804 2649 2029 2736 paucioribus

521 2785 612 2851 sicut
650 2784 809 2852 eiusdem
846 2788 992 2854 mercati
1041 2789 1277 2855 communitas
1317 2787 1544 2868 consenserit,
1597 2797 1633 2854 et
1680 2785 1898 2854 custodiatur
1940 2785 2029 2853 illud

520 2919 678 3007 sigillum
712 2921 750 2988 in
784 2922 934 2990 ecclesia
970 2943 1036 2991 sua
1075 2925 1132 2992 vel
1167 2925 1206 2990 in
1246 2925 1317 2990 alio
1357 2934 1435 2993 tuto
1471 2926 1550 2992 loco
1581 2925 1643 2992 vbi
1680 2925 1761 3012 ipsa
1795 2923 2030 2992 communitas

520 3059 660 3125 duxerit
689 3061 935 3142 ordinandum,
961 3061 1014 3127 ita
1041 3063 1136 3149 quod
1163 3082 1303 3148 semper
1331 3062 1379 3128 sit
1415 3063 1481 3128 sub
1521 3061 1671 3148 priuatis
1711 3061 1841 3147 sigillis
1875 3062 2024 3129 duorum

519 3198 576 3264 vel
606 3197 712 3264 trium
743 3199 892 3266 aliorum
921 3219 1027 3286 quam
1058 3201 1215 3286 ipsorum
1244 3200 1305 3286 qui
1334 3200 1469 3266 habent
1498 3200 1617 3266 claues
1645 3197 1744 3265 coffri
1771 3199 1829 3264 vel
1864 3197 1954 3265 ciete
1989 3195 2027 3262 in

519 3354 589 3420 quo
617 3335 674 3401 vel
703 3356 776 3422 qua
803 3337 996 3424 repositum
1025 3348 1090 3404 est
1135 3337 1183 3404 Et
1210 3338 1314 3404 debet
1340 3339 1554 3423 impressore
1579 3335 1780 3402 huiusmodi
1809 3334 1920 3422 sigilli
1943 3333 2028 3400 telis

518 3491 598 3538 esso
620 3472 652 3538 si
681 3491 746 3556 pro
775 3472 920 3539 ciuitate
949 3473 1081 3540 situel
1110 3474 1194 3541 talis
1222 3473 1397 3540 libertatis
1438 3492 1501 3540 scu
1542 3471 1806 3538 consuetudinis
1845 3471 1939 3557 quod
1980 3471 2026 3534 de

518 3627 557 3674 se
574 3608 743 3674 maiorem
764 3609 941 3675 habeant:
965 3608 1165 3695 “Sigillum
1186 3606 1330 3673 maioris
1350 3616 1386 3672 et
1405 3605 1669 3672 communitatis
1690 3603 1846 3671 ciuitatis
1866 3601 2025 3669 London.

518 3744 564 3810 ad
589 3743 695 3810 ferias
724 3755 760 3812 et
791 3756 945 3812 mercata
954 3747 974 3772 ”
1001 3755 1038 3812 et
1066 3745 1124 3812 Ita
1152 3746 1197 3812 de
1227 3743 1318 3810 aliis.
1363 3743 1411 3809 Et
1441 3743 1472 3809 si
1498 3743 1667 3810 maiorem
1690 3761 1763 3810 non
1785 3741 1941 3808 habeant
1963 3741 2027 3808 ssd

517 3879 709 3961 domiuum,
768 3881 932 3948 dominus
990 3901 1110 3948 eorum
1169 3900 1240 3947 non
1295 3879 1400 3946 debet
1458 3876 1634 3944 nominari
1691 3877 1729 3943 in
1797 3875 2028 3962 impressione

518 4015 716 4102 sigillorum
744 4037 863 4084 eorum
887 4017 979 4086 sicut
1000 4019 1124 4099 maior,
1147 4017 1231 4104 quia
1251 4017 1365 4083 maior
1387 4025 1442 4082 est
1466 4035 1558 4081 vnus
1586 4016 1632 4080 de
1660 4013 1921 4082 Communitate
1949 4031 2026 4080 sue.

517 4151 566 4220 Et
587 4154 752 4221 dominus
776 4167 832 4222 est
855 4174 963 4242 supra
986 4155 1276 4223 communitatem
1302 4173 1414 4221 suam.
1459 4153 1591 4218 Eorum
1620 4150 1805 4236 impressio
1831 4149 1897 4216 erit
1919 4149 2024 4218 telisr

518 4289 717 4377 “Sigillum
740 4292 824 4359 ville
846 4293 961 4360 sancti
982 4293 1117 4361 Albani
1133 4294 1179 4360 ad
1194 4291 1383 4360 mercata.”
1428 4289 1476 4356 Et
1497 4289 1622 4355 eodem
1644 4289 1749 4355 modo
1767 4289 1873 4355 debet
1892 4285 1962 4354 dici
1979 4287 2026 4364 de

427 4489 433 4503 ,
516 4425 612 4494 villis
633 4429 862 4497 mercatoriis.
905 4428 954 4496 Et
976 4429 1007 4496 si
1028 4433 1185 4497 habeant
1205 4430 1329 4497 feriam
1347 4427 1468 4494 dicant
1490 4428 1569 4494 “ad
1589 4425 1696 4492 ferias
1717 4435 1754 4492 et
1774 4425 1963 4493 mercata”

616 4687 703 4765 DE
774 4689 1035 4767 CLERICIS
1098 4691 1187 4768 ET
1254 4688 1503 4767 ROTULIS
1572 4685 1795 4763 DOMINI
1847 4685 1936 4762 ET

898 4842 1290 4920 SECTATORUM
1330 4840 1604 4918 MERCATI.

647 4990 834 5060 Prouisum
858 5004 913 5062 est
938 5005 975 5063 at
997 5006 1169 5086 statutum
1191 4995 1230 5061 in
1256 4994 1353 5062 omni
1379 4991 1486 5060 Curia
1511 4985 1720 5056 mercatoria
1740 4985 1836 5073 quod
1861 4983 2024 5052 dominus

517 5127 574 5193 vel
603 5127 717 5194 maior
745 5127 841 5196 illius
871 5129 976 5198 Curis
999 5131 1131 5200 habeat
1160 5131 1324 5199 clericum
1354 5149 1455 5195 suum
1485 5135 1522 5193 et
1550 5125 1684 5192 ronuos
1712 5142 1795 5192 suos
1823 5141 1887 5210 per
1915 5140 1955 5191 se
1976 5121 2023 5190 de
