5342 6616
840 753 938 845 dhe
961 753 1101 844 little
1125 751 1225 842 κω
1249 751 1379 842 took
1404 749 1454 841 ot
1484 749 1671 842 Βτίσῐοι

545 968 729 1037 Willelmo
745 965 891 1036 Selicok

502 1057 560 1124 De
572 1057 736 1124 soem
748 1056 864 1122 Bothe
877 1074 942 1142 pro
959 1055 1047 1122 turri
1061 1075 1169 1144 quam
1183 1053 1361 1120 inhabitat
1507 1099 1516 1118 .
1649 1099 1658 1116 .

693 1193 877 1260 Willelrno

502 1281 560 1348 De
574 1280 699 1347 eodem
713 1280 877 1347 soem
891 1299 957 1364 pro
979 1297 1080 1346 muro
1094 1278 1227 1346 ibidem
1371 1325 1380 1343 .
1514 1323 1523 1342 .
1656 1323 1665 1340 .

591 1425 696 1484 vacat
711 1415 796 1502 quie
810 1415 848 1482 in
862 1417 1027 1482 menibus
1042 1415 1305 1484 communitatis

501 1503 1428 1592 Dewdfflfflffldemiubfflrssfflrffl
1512 1547 1520 1563 ·
1654 1547 1662 1563 ·

500 1640 557 1708 De
570 1639 708 1707 Tboma
722 1638 919 1706 Denebaud
934 1659 999 1724 pro
1013 1639 1179 1706 exteriori
1193 1650 1297 1724 porta
1312 1640 1357 1706 de
1374 1637 1503 1704 Frome
1650 1683 1659 1702 .

504 1778 560 1845 De
574 1779 738 1863 Johenne
751 1778 897 1864 Ropere
910 1798 975 1864 pro
990 1786 1192 1845 tenemento
1207 1776 1339 1844 ibidem

548 1917 731 1985 Willelmo
746 1913 928 1983 Somerset

506 2003 564 2072 De
577 2005 740 2072 tieem
753 2003 852 2090 Buff
865 2023 930 2088 pro
944 2002 1032 2068 turri
1045 2001 1288 2088 propinquiori
1302 2000 1390 2067 turri
1404 1999 1560 2067 inferiori
1574 2002 1668 2068 ultre

590 2147 730 2225 portem
745 2138 877 2206 ibidem
892 2158 938 2204 ex
952 2149 1054 2223 parte
1068 2137 1232 2205 orientali
1373 2183 1381 2202 .
1515 2183 1524 2202 .
1656 2181 1665 2200 .

567 2274 773 2360 Margarete

506 2361 564 2428 De
577 2361 740 2428 Jebmee
754 2360 950 2447 Cobyndon
965 2379 1031 2447 pro
1045 2360 1094 2446 iiij
1112 2359 1235 2447 shopis
1249 2359 1286 2426 in
1301 2358 1471 2428 Horstret
1513 2407 1522 2426 .
1655 2409 1664 2428 .

507 2499 565 2566 De
578 2497 741 2582 Johenne
755 2497 939 2564 Malveme
959 2517 1024 2584 pro
1045 2505 1247 2565 tenemento
1269 2515 1382 2582 nuper
1404 2496 1524 2564 David
1544 2497 1669 2564 Daun-

571 2687 573 2696 i
594 2635 734 2722 devylle
748 2635 880 2703 ibidem
947 2681 1667 2701 ......

571 2771 697 2838 eodem
712 2770 876 2855 Johanne

509 2858 566 2926 De
591 2859 708 2926 edeta
731 2859 836 2926 Phoe
859 2878 923 2943 pro
947 2859 1062 2944 ehope
1082 2879 1129 2925 ex
1154 2857 1318 2944 opposito
1346 2857 1494 2925 ecclesie
1522 2855 1671 2925 fratrum

507 3133 565 3200 De
592 3131 775 3199 erlelmo
803 3132 940 3200 Barber
971 3152 1036 3219 pro
1069 3132 1157 3199 turri
1193 3135 1293 3201 iuxta
1327 3132 1515 3226 ecelesiem
1552 3134 1670 3202 saneti

595 3271 770 3358 Johannis
803 3319 1669 3340 .......

930 3431 1021 3526 [The
1032 3437 1093 3500 troo
1106 3438 1190 3500 next
1199 3431 1323 3501 eumer
1335 3454 1394 3501 arr
1406 3431 1602 3524 adderem}

505 3585 563 3656 De
578 3587 735 3656 Ricardo
750 3587 906 3676 Hudeyn
921 3608 986 3673 pro
1001 3587 1024 3674 ij
1041 3587 1183 3673 schopis
1228 3637 1236 3652 .
1370 3635 1379 3653 .
1512 3635 1520 3652 .
1659 3635 1667 3652 .

507 3721 565 3788 De
578 3721 601 3805 J
601 3722 745 3788 ohanne
760 3723 936 3809 Moutagu

508 3857 565 3923 ΒΘ
579 3859 806 3946 *homiues
819 3859 960 3946 ephud

597 3995 904 4084 demeum
946 3996 1003 4064 De
1018 3997 1178 4065 Roberto
1194 3997 1355 4065 Cbeddre

508 4079 566 4148 De
579 4081 939 4171 &mmmm
961 4105 1027 4170 pro
1042 4085 1180 4151 duobus
1193 4086 1333 4151 cetariis
1348 4085 1479 4154 ibidem
1519 4133 1528 4152 .
1662 4135 1670 4150 .

509 4217 567 4285 De
579 4218 745 4302 Johanne
759 4220 915 4288 Blanket
928 4241 993 4307 pro
1008 4231 1211 4289 tenemento
1227 4223 1264 4288 in
1279 4221 1480 4308 Gropelane
1519 4271 1528 4290 .
1661 4272 1669 4289 .

510 4352 568 4419 De
581 4352 746 4437 Johenne
760 4363 835 4422 atte
851 4354 952 4422 Celer
966 4376 1031 4441 pro
1048 4366 1250 4424 tenemento
1265 4357 1397 4426 ibidem
1518 4406 1528 4426 .
1661 4409 1669 4426 .

597 4489 805 4558 Alexandro
820 4491 927 4580 Moys

510 4574 567 4644 De
592 4577 755 4646 debeone
782 4581 939 4648 Rieberd
966 4601 1032 4667 pro
1054 4582 1143 4648 turri
1167 4591 1261 4648 retro
1285 4583 1430 4650 domum
1456 4604 1557 4651 suam
1580 4585 1675 4651 unde

598 4715 722 4783 eedem
739 4718 864 4784 domus
879 4719 1061 4805 obligatur
1091 4766 1101 4785 .

551 4847 668 4918 Elone
681 4854 860 4939 quondam
876 4875 984 4922 uxore
998 4856 1172 4941 Jobennis
1188 4857 1336 4925 Toriton

510 4933 567 5004 De
602 4937 787 5031 Hastae]
822 4943 1016 5029 &emptore
1056 4963 1121 5030 pro
1161 4943 1275 5030 sbopa
1313 4955 1396 5014 ente
1434 4953 1675 5014 tenementum

598 5073 773 5157 Jobennie
787 5075 905 5144 Bathe
925 5077 964 5145 in
978 5078 1308 5167 Knyfsmythestret
1379 5131 1388 5148 .
1520 5130 1530 5149 .
1662 5128 1672 5147 .
