5224 6596
560 853 630 928 18⁶
892 847 990 940 cbo
1014 848 1153 942 little
1178 851 1429 943 ticenool
1454 851 1506 943 ot
1532 847 1722 942 tittetol

554 1059 692 1149 Maiore
731 1063 861 1132 debere
900 1064 1045 1132 domino
1085 1075 1207 1132 nostro
1250 1065 1348 1152 Regi
1389 1065 1474 1152 xxvj
1519 1066 1630 1134 libras
1676 1064 1925 1153 sterlingorum
1967 1086 2058 1154 quas

553 1195 727 1266 concessit
755 1197 801 1266 de
825 1199 929 1266 terris
964 1209 1000 1267 et
1035 1201 1258 1282 tenementis,
1294 1203 1409 1284 bonis,
1446 1205 1551 1271 rebus
1586 1214 1624 1272 et
1659 1203 1799 1272 catellis
1835 1204 1909 1270 suis
1947 1205 2058 1270 leuari

552 1341 619 1400 etc.
663 1331 713 1401 Et
741 1333 779 1401 in
807 1335 977 1421 majorem
1006 1331 1263 1429 [securitatem]
1292 1338 1388 1424 quod
1410 1339 1488 1426 ipse
1511 1340 1689 1427 predictos
1725 1360 1900 1408 summam
1927 1338 2057 1428 viginti

505 1500 514 1520 ·
553 1469 723 1538 librarum
766 1491 810 1538 ec
853 1471 977 1558 ciphos
1013 1473 1190 1558 predictos
1242 1473 1399 1562 predicte
1440 1474 1604 1559 Jobenne
1653 1473 1727 1542 filie
1769 1474 1883 1564 ipsius
1921 1476 2056 1544 Thome

553 1627 635 1678 cum
691 1609 738 1676 ed
790 1610 942 1696 'plenam
1004 1629 1104 1677 suem
1162 1619 1294 1678 etatem
1338 1619 1399 1678 eut
1442 1631 1556 1679 annos
1598 1610 1816 1680 maritabiles
1858 1613 2057 1697 peruenerit

552 1745 774 1827 deliberabit,
802 1755 974 1814 venerunt
1003 1747 1108 1814 dictis
1138 1746 1207 1828 die,
1237 1765 1332 1816 anno
1361 1757 1398 1816 et
1427 1749 1506 1818 loco
1535 1749 1573 1815 in
1602 1749 1824 1816 hundredum
1860 1749 2056 1837 predictum

551 1883 755 1952 Willelmus
783 1883 913 1950 Talbot
942 1891 985 1950 et
1005 1882 1187 1967 Johannes
1215 1883 1331 1952 Benet
1358 1883 1403 1950 de
1424 1882 1617 1964 Bristollie,
1640 1884 1856 1950 deuenerunt
1877 1891 1914 1950 et
1935 1853 2069 1950 eorum

552 2023 644 2092 alter
681 2021 825 2090 deuenit
864 2022 1071 2110 principalis
1111 2023 1250 2092 debitor
1288 2033 1325 2092 et
1360 2033 1594 2109 menuceptor
1627 2041 1693 2108 pro
1726 2021 1884 2109 predicto
1919 2023 2058 2090 Tlroma

552 2169 590 2228 ot
618 2168 866 2228 concesserunt
894 2179 933 2228 se
962 2159 1092 2228 debere
1121 2161 1265 2228 domino
1293 2169 1415 2230 nostro
1445 2159 1543 2249 Regi
1567 2159 1652 2246 xxvj
1675 2159 1786 2228 libras
1806 2161 2056 2248 sterlingorum

551 2311 642 2378 quas
670 2305 917 2362 concesserunt
945 2305 982 2362 et
1011 2297 1102 2364 alter
1127 2317 1247 2364 eorum
1276 2297 1450 2366 concessit
1478 2299 1524 2364 de
1551 2297 1654 2365 terris
1678 2306 1715 2366 et
1736 2299 1947 2367 tenementis
1968 2299 2054 2378 suis,

550 2429 655 2500 bonis
682 2440 719 2498 et
747 2432 887 2499 catallis
916 2433 1028 2502 leuari
1053 2453 1117 2522 per
1144 2433 1294 2503 formam
1323 2435 1561 2504 concessionis
1589 2435 1723 2503 domini
1752 2434 1918 2504 Edwardi
1943 2455 2056 2523 nuper

551 2565 667 2656 Regis
691 2565 828 2654 Anglie
856 2569 987 2655 Maiori
1016 2581 1053 2640 et
1082 2570 1337 2641 Communitati
1365 2571 1546 2641 Bristollie
1575 2593 1741 2642 concesse
1768 2574 1814 2642 de
1843 2571 2033 2662 Orphanis.

1222 2769 1398 2792 ..ι-ιφ

554 2905 889 2984 COMPOSICIO
935 2905 1229 2985 CANTARIE
1271 2908 1522 2986 RICARDI
1564 2909 1753 2988 WHITE
1788 2913 1874 2989 DE
1909 2911 2054 2989 BRIS-

554 3059 594 3134 T
589 3056 763 3136 OLLIA
813 3057 900 3135 DE
948 3059 1182 3136 DUOBUS
1234 3061 1602 3138 CAPELLANIS
1655 3062 1855 3139 FUNDA
1864 3062 1935 3138 TE
1992 3061 2064 3139 IN

547 3207 831 3285 ECCLESIA
885 3207 1098 3286 SANCTI
1144 3209 1444 3288 STEPHANI
1484 3211 1570 3289 DE
1633 3211 2051 3290 CONFRATERNI·

849 3360 1000 3436 TATE
1048 3360 1280 3438 PRIORIS
1325 3362 1756 3440 KALENDARUM.

674 3531 800 3602 Sciant
842 3543 1024 3619 presentes
1067 3544 1103 3604 et
1146 3535 1253 3604 futuri
1306 3539 1402 3625 quod
1444 3557 1513 3625 ego
1559 3537 1737 3606 Ricardus
1774 3538 1809 3606 le
1845 3537 1969 3608 White
2006 3539 2052 3607 de
2076 3553 2220 3606 cunum
2242 3565 2283 3607 or

543 3669 727 3739 Bristollia
763 3672 809 3737 od
837 3673 1007 3740 bonorem
1028 3671 1098 3740 Dei
1127 3673 1392 3760 omnipotentis,
1417 3672 1572 3760 gloriose
1596 3673 1757 3761 Virginis
1778 3673 1904 3756 Mario,
1927 3673 2051 3744 Sancti
2075 3619 2283 3736 mffi'u

545 3804 720 3893 Stephani
749 3807 914 3890 martiris,
945 3805 1078 3875 Sancte
1107 3807 1281 3877 Katerine
1309 3807 1459 3896 virginis
1480 3819 1517 3876 et
1539 3807 1696 3878 omnium
1718 3818 1932 3891 sanctorum,
1954 3811 2047 3892 dedi,

453 3923 454 3928 ¹
542 3945 701 4012 concessi
729 3954 768 4013 et
793 3946 862 4013 bac
893 3945 1050 4032 presenti
1087 3955 1185 4014 carte
1219 3967 1300 4014 mea
1330 3944 1537 4014 confirmsui
1571 3947 1681 4035 priori
1717 3957 1753 4014 et
1782 3945 1950 4016 fratribus
1976 3949 2051 4016 suis

542 4080 737 4168 capellanis
766 4082 812 4148 de
840 4079 1062 4150 daternitete
1088 4081 1337 4150 Kelundarum
1362 4082 1555 4164 Bristollie,
1579 4093 1616 4150 et
1637 4083 1791 4154 dominis
1811 4084 1995 4154 willelmo
2015 4087 2050 4154 le

543 4214 714 4285 Serieunt
741 4227 778 4284 et
806 4217 942 4286 Thome
971 4217 1112 4306 Megor,
1142 4219 1349 4305 capellanis,
1385 4229 1425 4288 vt
1454 4221 1562 4289 iidem
1591 4223 1756 4292 dominus
1783 4223 1988 4292 Willelmus
2015 4226 2051 4291 le

544 4350 713 4420 Sarieunt
740 4363 777 4420 et
805 4354 962 4422 Dromas
990 4354 1130 4444 Msgor,
1161 4357 1348 4442 capellani,
1379 4365 1416 4424 et
1444 4378 1663 4427 successores
1692 4359 1759 4446 sui,
1795 4359 1981 4448 capellani,
2012 4359 2050 4427 in
2156 4431 2158 4434 .

542 4488 693 4557 ecclesis
732 4487 857 4560 Sancti
898 4490 1084 4579 Stephani,
1127 4491 1318 4575 Bristollie,
1357 4494 1509 4587 singuiis
1544 4496 1669 4564 diebus
1705 4506 1742 4564 et
1776 4497 1873 4565 boris
1910 4515 2051 4582 compe·

542 4626 700 4696 tentibus
728 4628 883 4696 maxime
911 4629 950 4698 in
978 4629 1102 4698 Missis
1131 4631 1177 4697 ed
1202 4631 1314 4699 altare
1340 4633 1444 4700 beate
1467 4633 1641 4700 Katerine
1665 4633 1815 4722 virginis
1843 4633 1882 4701 in
1912 4635 2051 4721 capelle
2099 4679 2100 4684 κ

542 4783 650 4850 quam
678 4763 811 4834 ibidem
842 4767 1000 4834 construi
1030 4767 1097 4836 feci
1125 4780 1162 4838 et
1190 4770 1313 4851 leuari,
1344 4769 1601 4858 imperpetuum
1628 4771 1752 4839 diuina
1779 4772 1969 4841 celebrentw
1985 4792 2050 4859 pro

542 4897 663 4968 anima
691 4920 782 4983 mee,
812 4902 999 4971 animabus
1034 4907 1148 4992 patris
1184 4906 1254 4973 mei
1287 4916 1324 4973 et
1359 4907 1483 4976 metris
1519 4929 1608 4990 mee,
1643 4908 1818 4994 Johannis
1854 4910 1900 4978 de
1934 4907 2049 4989 Visos,

542 5053 680 5104 necnon
708 5057 774 5124 pro
800 5039 933 5125 majore
969 5050 1006 5108 et
1041 5043 1294 5112 communitate
1328 5045 1412 5113 ville
1448 5045 1640 5129 Bristollie,
1677 5047 1865 5114 animabus
1902 5043 2049 5112 iramrm

543 5181 580 5238 et
616 5192 774 5242 sororum
809 5177 854 5243 de
890 5174 1109 5246 iratenritnte
1145 5179 1394 5249 Kalundarum
1423 5193 1460 5249 et
1489 5184 1676 5252 animabus
1704 5183 1862 5250 omnium
1891 5180 2048 5250 fidelium
