5294 6592
863 873 960 964 ube
984 875 1122 966 little
1145 876 1244 966 neb
1269 877 1397 968 Boot
1423 877 1473 966 ot
1503 875 1692 970 ridotol.
1960 901 2027 974 1³7

526 1107 572 1154 ex
600 1095 701 1176 parte
728 1109 811 1170 una,
836 1109 944 1175 quam
969 1108 1016 1155 ex
1044 1109 1192 1157 assensu
1220 1091 1317 1158 Petri
1345 1090 1491 1174 Thome,
1522 1089 1654 1160 Prioris
1682 1089 1828 1156 fratrum
1858 1087 2027 1157 Carmeli·

524 1207 650 1304 tarum,
673 1224 842 1310 seston,
864 1234 902 1293 et
921 1225 1078 1293 eiusdem
1107 1227 1177 1294 roe
1205 1227 1409 1297 Conventus
1437 1247 1484 1294 ex
1513 1228 1634 1307 nera,
1661 1244 1767 1311 super
1794 1225 2029 1294 demanaret

525 1361 660 1429 clameo
680 1363 756 1449 xiiij
783 1363 914 1450 pedum
943 1371 980 1430 et
1008 1363 1146 1431 dimidii
1171 1373 1262 1432 terre
1291 1365 1329 1430 in
1357 1355 1581 1450 longinudine
1609 1373 1647 1430 et
1674 1362 1837 1430 undecim
1859 1362 2028 1446 pollicum

523 1506 614 1564 terre
649 1517 760 1585 prope
795 1498 981 1566 ecclesiam
1017 1497 1163 1566 fratrum
1196 1499 1432 1586 predictorum
1473 1499 1511 1566 in
1555 1498 1723 1566 suburbio
1765 1466 1947 1566 Bristollie
1989 1499 2027 1567 in

520 1645 621 1716 parte
651 1635 816 1710 austre1i;
861 1655 968 1721 quarn
1004 1635 1146 1721 quidem
1174 1645 1303 1704 terram
1333 1635 1510 1722 predictus
1539 1633 1641 1701 Prior
1676 1644 1713 1701 et
1748 1633 1941 1702 confratres
1969 1635 2026 1702 sui

520 1788 585 1853 pro
614 1769 702 1856 ipsis
730 1781 766 1837 et
802 1771 1061 1838 successoribus
1096 1773 1171 1838 suis
1207 1772 1352 1839 omnino
1388 1772 1691 1854 renunciaverunt,
1728 1771 1848 1857 eliqua
1883 1791 2060 1840 conces·x

521 1904 621 1978 sione
649 1925 713 1990 per
740 1903 916 1992 prefatum
944 1905 1142 1973 Robertum
1171 1907 1376 1991 Dudbroke,
1402 1927 1514 1994 nuper
1539 1907 1707 1974 maiorem
1728 1908 1813 1976 ville
1833 1907 2026 1988 Bristoliie,

521 2039 653 2108 eisdem
683 2041 797 2108 Priori
825 2051 862 2110 et
894 2041 1129 2109 confratribus
1158 2043 1250 2111 alias
1277 2043 1373 2111 fecta
1393 2063 1466 2112 non
1488 2045 1662 2113 obstante.
1708 2043 1766 2111 Ita
1793 2043 1888 2130 quod
1910 2043 2026 2111 Maior

520 2177 605 2243 ville
639 2177 795 2263 predicte
830 2178 892 2262 qui
928 2198 993 2264 pro
1029 2187 1187 2264 tempore
1222 2179 1327 2248 fuerit
1364 2199 1407 2248 ac
1443 2183 1639 2266 burgenses
1674 2179 1758 2246 ville
1793 2179 1950 2266 predicte
1989 2190 2026 2247 et

522 2331 738 2381 successores
767 2317 822 2381 sui
845 2317 1001 2384 babeant
1029 2327 1066 2385 et
1093 2327 1238 2385 teneant
1267 2326 1397 2384 terram
1433 2317 1628 2403 predictam
1664 2313 1820 2401 pacifice,
1849 2316 1960 2384 libere
1989 2327 2026 2384 et

519 2449 655 2537 quiete¹
674 2457 713 2515 ut
750 2461 879 2516 terram
918 2471 1019 2518 suem
1059 2451 1238 2538 propriam
1278 2451 1316 2518 in
1356 2451 1432 2518 iure
1472 2471 1538 2518 suo
1574 2451 1716 2538 proprio
1753 2450 2022 2538 imperpetuum,

520 2585 653 2670 absque
681 2586 801 2672 aliqua
829 2587 1006 2654 calumnia
1034 2607 1098 2674 per
1125 2587 1321 2673 predictum
1350 2587 1507 2655 Priorem
1536 2597 1573 2654 et
1600 2587 1792 2654 confratres
1821 2597 1858 2654 et
1883 2607 2020 2656 sucees-

522 2739 619 2788 sores
646 2741 731 2788 suos
758 2721 842 2789 inde
866 2721 1029 2790 facienda
1057 2723 1096 2791 in
1125 2721 1280 2790 futurum
1308 2732 1376 2790 etc.

650 2997 784 3067 Nemes
812 2999 853 3067 cf
877 3001 938 3069 the
967 2999 1145 3086 scay-two
1179 2999 1274 3085 good
1309 3019 1391 3066 men
1423 2997 1559 3066 elected
1594 2999 1644 3084 by
1678 2996 1740 3063 the
1776 2993 2024 3084 Commonalty

519 3132 561 3199 of
582 3119 643 3200 the
671 3143 765 3201 town
794 3135 836 3201 of
858 3134 1005 3202 Bristoll
1033 3134 1088 3202 for
1115 3135 1177 3201 the
1205 3146 1438 3221 governruent
1466 3135 1508 3202 of
1533 3136 1593 3200 the
1624 3153 1722 3200 same
1750 3141 1857 3216 town,
1888 3133 1927 3200 in
1962 3135 2023 3200 the

519 3269 605 3337 time
641 3269 682 3335 of
714 3271 807 3353 John
842 3271 972 3358 Droys,
1009 3271 1147 3358 Mayor,
1183 3271 1303 3356 James
1339 3271 1490 3353 Cokkes,
1521 3269 1655 3338 Sheriff
1679 3269 1719 3336 of
1743 3268 1805 3337 the
1839 3279 1946 3346 town,
1984 3270 2023 3337 in

518 3405 579 3470 the
607 3403 770 3472 eleventb
797 3425 883 3492 yeer
911 3404 953 3472 of
974 3406 1037 3473 the
1064 3407 1167 3494 reign
1195 3406 1237 3473 of
1260 3407 1364 3495 King
1393 3406 1519 3494 Henry
1548 3405 1611 3472 IV.
1642 3405 1731 3472 after
1763 3406 1824 3472 the
1852 3415 2023 3492 conquest

518 3535 732 3630 [ιω-’ψ

465 3731 468 3736 .
521 3675 614 3757 John
638 3676 767 3764 Droys‚
796 3677 934 3762 Mayor.
1317 3678 1412 3763 Jobn
1431 3677 1673 3746 ¹Sellewodde.

515 3809 636 3894 James
664 3811 814 3894 Coklres,
845 3811 984 3880 Sberiff.
1318 3813 1457 3880 Robert
1485 3812 1683 3899 Barstaple.

517 3946 612 4030 Jobn
640 3948 838 4034 Barstaplo.
1314 3949 1410 4033 John
1438 3949 1637 4036 Leycestre.

517 4081 678 4152 William
706 4083 844 4152 Frome
1315 4085 1409 4170 John
1435 4084 1585 4171 Sbarpe.

515 4218 610 4302 John
639 4219 847 4305 Stepbenss.
1314 4221 1410 4305 John
1439 4219 1573 4307 Spyne.

515 4355 671 4424 nomas
704 4356 868 4424 broune.
1193 4329 1196 4336 ’
1314 4356 1434 4424 navia
1462 4356 1711 4423 Duddebrone

514 4490 610 4575 John
638 4492 791 4559 Fissber.
1122 4453 1128 4464 ’
1312 4493 1407 4575 John
1440 4491 1580 4559 Sutton.

514 4629 669 4696 Thomas
698 4629 846 4696 Norton.
1312 4629 1475 4696 William
1506 4629 1672 4716 Beueley.

512 4764 605 4846 John
630 4764 807 4831 Prishton.
1311 4764 1468 4832 Thomas
1496 4763 1686 4832 Saundres.

511 4898 605 4983 John
636 4899 841 4987 Haveryng.
1310 4899 1450 4966 Walter
1485 4899 1600 4965 Parle.

510 5035 605 5120 John
636 5033 733 5123 Sely.
1312 5035 1431 5102 David
1462 5033 1628 5100 Ruddok.

1116 5204 1408 5273 wermunda
