5224 6596
579 869 650 942 170
913 843 1010 938 llbc
1035 845 1175 937 little
1199 845 1296 975 ricc
1321 845 1450 938 noolt
1475 850 1529 941 ot
1555 850 1742 945 sustu

572 1057 743 1141 Eristoll,
772 1058 942 1127 suburbio
969 1077 1012 1126 ac
1039 1059 1258 1146 procinctum
1285 1058 1444 1128 eiusdem
1468 1061 1552 1131 ville
1577 1085 1600 1132 e
1623 1063 1715 1134 festo
1740 1063 1866 1133 Sancti
1889 1063 2078 1134 Michaelis

572 1193 698 1262 ultimo
729 1195 898 1281 preterito
930 1195 978 1262 ed
1006 1205 1118 1264 totern
1155 1195 1266 1263 vitam
1294 1205 1452 1264 noemam
1482 1199 1572 1268 edeo
1599 1201 1715 1288 plene,
1743 1201 1866 1284 libere,
1894 1202 2013 1289 quiete
2041 1213 2079 1273 et

574 1332 712 1420 integre
741 1333 832 1400 sicut
860 1333 1039 1418 predictus
1067 1333 1376 1401 metuendissimus
1411 1334 1577 1406 dominus
1604 1357 1704 1406 meus
1733 1337 1818 1406 Rex
1853 1359 1898 1406 ee
1932 1341 2080 1410 haberet

574 1471 606 1540 si
631 1491 675 1540 ea
697 1472 735 1538 in
760 1483 869 1538 manu
890 1491 955 1540 sua
978 1472 1190 1550 retinuisset,
1217 1472 1275 1538 vel
1299 1489 1344 1538 ea
1368 1491 1435 1540 nos
1458 1475 1679 1556 haberemus,
1705 1476 1737 1542 si
1762 1475 1802 1541 in
1826 1495 1936 1544 menn
1958 1485 2081 1545 nostru

574 1609 840 1678 munuusemus
868 1607 997 1676 virtute
1022 1607 1288 1676 concessionum
1316 1610 1554 1696 predictarum
1579 1611 1715 1679 domini
1740 1611 1812 1679 mei
1836 1611 1952 1700 Regis
1977 1613 2082 1680 nobis

575 1765 832 1827 concessarum,
882 1745 1041 1831 exceptis
1091 1745 1353 1832 prs-exceptis3
1414 1744 1615 1814 Reddendo
1666 1747 1750 1815 inde
1800 1748 1984 1815 annuatim
2036 1747 2083 1816 ad

574 1883 763 1950 terminum
792 1882 865 1949 vite
893 1891 1013 1948 nostre
1052 1899 1117 1968 pro
1157 1881 1321 1948 omnibus
1360 1881 1573 1967 supradictis
1611 1892 1649 1950 et
1682 1881 1880 1950 forinsecis¹
1914 1881 2081 1951 oneribus

575 2018 737 2099 Centum,
766 2017 1019 2104 quaterviginti
1047 2025 1084 2083 et
1112 2015 1202 2084 dues
1231 2017 1351 2092 libres,
1379 2025 1516 2104 septem
1544 2018 1679 2088 solidos
1704 2028 1742 2086 et
1762 2020 1884 2087 decem
1905 2018 2082 2100 densrim,

574 2153 632 2223 Ite
669 2153 764 2239 quod
794 2152 902 2220 iidem
942 2151 1056 2220 maior
1093 2160 1130 2218 et
1167 2151 1402 2218 communitos
1431 2162 1469 2219 et
1504 2171 1725 2220 successores
1764 2153 1820 2220 sui
1848 2161 2084 2221 exonerentur

574 2289 759 2360 annuatim
803 2290 850 2357 ad
893 2299 1007 2358 totam
1049 2287 1161 2356 vitam
1205 2297 1364 2356 nostram
1406 2307 1472 2375 per
1508 2307 1575 2356 nos
1613 2289 1660 2357 de
1695 2287 1880 2357 forinoecis
1917 2289 2084 2358 oneribus

573 2428 723 2519 diversis
750 2426 912 2514 personis
940 2426 1071 2494 debitis
1099 2434 1136 2491 et
1163 2424 1297 2492 dudum
1325 2424 1379 2492 eis
1407 2423 1571 2492 allocatis
1596 2426 1642 2493 de
1664 2423 1767 2494 firma
1791 2427 1961 2514 predicte,
1984 2426 2083 2494 vide-

575 2568 659 2634 licet
695 2565 833 2633 Abbati
861 2566 906 2631 de
942 2563 1171 2652 Teukesbury
1209 2562 1255 2629 de
1288 2561 1553 2647 quatuordecim
1590 2562 1691 2630 libris
1719 2573 1757 2631 et
1784 2564 1907 2631 decem
1947 2562 2083 2644 solidis,

577 2703 691 2772 Priori
719 2703 845 2770 Sancti
871 2701 1006 2785 Jccobi,
1036 2699 1228 2780 Bristollie,
1263 2700 1454 2788 sexaginta
1485 2699 1621 2781 solidis,
1658 2697 1930 2768 Constebulario
1966 2699 2084 2769 Ccsni

426 2883 434 2898 ·
479 2883 486 2898 ·
576 2840 767 2921 Bristollie,
806 2847 843 2906 et
879 2838 1051 2905 ministris
1080 2837 1154 2905 suis
1181 2857 1247 2924 pro
1271 2847 1431 2922 tempore
1459 2835 1705 2918 existentibus,
1734 2837 1899 2904 videlicet
1930 2835 2083 2921 Janitorl

576 2988 614 3047 et
651 2977 833 3064 vigilatori
869 2977 956 3044 dicti
993 2975 1121 3055 Cestri,
1159 2984 1196 3040 et
1223 2972 1408 3041 forestario
1438 2975 1484 3042 de
1513 2973 1767 3062 Kyngeswcde
1797 2973 1842 3040 de
1871 2973 2021 3062 triginta
2046 2984 2086 3043 et

577 3133 705 3183 novem
734 3115 847 3195 libris,
875 3111 1140 3202 quatuordeeim
1169 3111 1294 3178 solidis
1320 3119 1358 3178 et
1386 3128 1451 3177 sex
1480 3109 1647 3187 denariis,
1677 3128 1720 3176 ac
1743 3107 1891 3176 Custodi
1916 3107 2084 3177 maritimi

576 3253 757 3322 Bristollie
784 3251 914 3340 viginti
942 3260 980 3318 et
1007 3269 1072 3317 sex
1100 3249 1224 3317 solidis
1248 3259 1285 3316 et
1307 3258 1388 3316 octo
1411 3247 1578 3328 denariis,
1606 3247 1810 3315 Solvendos
1835 3247 1882 3314 ad
1907 3255 2084 3333 receptam

576 3399 734 3458 nostrum
764 3387 859 3475 apud
886 3385 1243 3454 westmonasterium
1280 3384 1326 3450 ed
1362 3383 1454 3452 festa
1492 3383 1630 3450 Pssche
1668 3391 1705 3450 et
1744 3382 1869 3450 Sancti
1897 3382 2085 3450 Michaelis

575 3545 639 3613 per
663 3526 807 3612 equales
830 3525 1027 3611 porciones.
1080 3521 1186 3590 Etsi
1213 3522 1394 3609 predictus
1423 3539 1563 3589 annuus
1592 3519 1750 3588 redditus
1777 3518 1893 3606 Ciiij⁸¹
1918 3517 1985 3606 ljlr'.
2008 3519 2085 3606 viis.

575 3662 633 3732 nd.
659 3673 775 3731 aretro
803 3663 907 3730 fuerit
936 3661 974 3730 in
1002 3670 1103 3747 perte
1132 3661 1189 3727 vel
1219 3661 1256 3727 in
1282 3669 1358 3728 roto
1387 3669 1470 3746 post
1495 3657 1652 3744 aliquem
1683 3658 1912 3724 terminorum
1948 3657 2086 3743 predic·

575 3811 691 3869 torum
720 3819 792 3866 non
821 3799 969 3878 solutus,
997 3799 1093 3882 quod
1122 3807 1207 3864 tunc
1237 3798 1328 3864 bene
1359 3797 1467 3864 liceat
1500 3795 1610 3864 nobis
1651 3795 1690 3860 in
1730 3793 1927 3880 predictam
1963 3792 2086 3860 villam

575 3937 744 4016 Eristoll,
784 3943 821 4003 et
860 3935 898 4002 in
935 3932 1100 4002 omnibus
1140 3933 1243 4000 terris
1281 3943 1318 4000 et
1353 3932 1567 4001 tenementis
1605 3940 1643 3998 et
1671 3931 1725 3998 les
1753 3930 2020 3998 fflesshamslles
2049 3929 2086 3996 in

575 4077 699 4144 eedem
741 4073 829 4140 ville
871 4080 909 4139 et
947 4072 1060 4139 eciam
1108 4071 1146 4139 in
1194 4071 1369 4152 domibus,
1416 4068 1550 4155 shopis,
1595 4067 1759 4154 cotegiis,
1808 4067 1930 4147 celdis,
1977 4064 2087 4146 tostis,

573 4211 745 4299 gardinis,
759 4207 982 4288 molendinis,
1002 4207 1152 4294 stagnis,
1172 4218 1261 4296 tyna
1285 4205 1413 4288 Caeni,
1434 4205 1643 4282 redditibus,
1668 4211 1706 4270 et
1727 4203 1906 4271 suburbiis
1928 4202 2086 4271 eiusdem

574 4349 658 4416 ville
710 4366 790 4414 cum
844 4345 1084 4433 pertinenciis,
1136 4363 1178 4412 ac
1229 4345 1413 4433 procinctu
1462 4343 1621 4410 eiusdem
1665 4339 1751 4408 ville
1794 4339 2007 4427 distringere
2050 4346 2089 4404 et

574 4481 816 4552 districcimes
845 4481 929 4548 inde
957 4492 1081 4568 captas
1109 4483 1271 4560 retinere,
1301 4483 1475 4549 ebducere
1503 4487 1541 4546 et
1569 4485 1753 4563 asportare
1778 4493 1962 4563 quousque
1982 4472 2089 4542 nobis

574 4625 619 4692 de
648 4621 806 4710 predicto
836 4639 957 4688 annuo
985 4619 1125 4687 redditu
1154 4621 1268 4706 ciiij*
1288 4616 1355 4706 ijti.
1381 4618 1456 4703 vijs.
1480 4614 1539 4683 nd.
1569 4625 1606 4682 et
1635 4614 1680 4680 de
1710 4613 1900 4700 arreragiis
1927 4610 2107 4680 eiusdem,

575 4753 606 4820 si
635 4769 704 4837 que
736 4747 867 4816 inerint
903 4747 1061 4836 plenarie
1097 4747 1202 4816 fuerit
1243 4746 1476 4815 satisfactum.
1528 4741 1574 4810 In
1615 4741 1715 4809 cuius
1750 4740 1802 4809 rei
1842 4738 2084 4808 testimonium

574 4879 636 4948 uni
675 4879 770 4965 parti
797 4878 903 4946 huius
928 4876 1114 4944 indenture
1147 4896 1258 4963 penes
1294 4875 1470 4962 predictos
1509 4869 1679 4939 maiorem
1720 4880 1758 4938 et
1796 4867 2086 4938 communitatem

574 5007 773 5078 remanenti
809 5003 967 5092 sigillum
1001 5012 1162 5075 nostrum
1199 5014 1254 5071 est
1289 5019 1498 5090 appensum,
1527 4998 1631 5066 alteri
1671 5017 1755 5065 vero
1794 4997 1890 5084 parti
1928 4992 2088 5062 eiusdem

574 5140 760 5206 indenture
789 5153 900 5222 penes
925 5154 992 5204 nos
1021 5133 1218 5204 remanenti
1247 5133 1405 5221 sigillum
1429 5149 1616 5200 commune
1642 5128 1727 5196 ville
1751 5125 1910 5213 predicte
1933 5141 2087 5191 unacum

1211 5303 1455 5358 wesenerus.
