5294 6592
653 819 700 892 62
990 804 1087 895 ube
1110 803 1250 893 little
1274 802 1372 892 lieo
1398 803 1528 894 Book
1552 806 1603 896 oi
1633 804 1821 895 sonet

652 1025 684 1094 si
699 1025 745 1092 sd
759 1021 841 1089 illas
855 1029 941 1087 tunc
954 1038 1028 1087 non
1041 1017 1187 1096 emerit,
1203 1017 1250 1084 sd
1272 1017 1416 1084 mam
1439 1017 1580 1087 admitd
1601 1019 1708 1088 debet
1729 1019 1898 1106 probacio
1916 1017 2072 1106 meantis
2089 1019 2165 1086 siue

651 1159 832 1250 querentis
850 1155 897 1223 ad
911 1155 1010 1222 illam
1028 1153 1175 1222 terciam
1197 1152 1330 1220 curiam
1353 1153 1405 1222 its
1426 1155 1522 1240 quod
1543 1165 1626 1242 post
1647 1155 1746 1224 illam
1769 1155 1915 1223 terciam
1936 1155 2070 1224 ωιίιω
2092 1175 2165 1223 non

653 1294 831 1385 optinebit
845 1309 997 1379 querens
1011 1291 1128 1358 adbuc
1144 1287 1182 1356 in
1205 1287 1339 1375 placito
1360 1308 1425 1355 suo
1447 1309 1513 1358 nec
1535 1301 1710 1378 quatenns
1731 1293 1934 1378 probauerit
1955 1293 2167 1362 demandam

652 1435 712 1502 vel
725 1433 905 1520 querelam
920 1449 1031 1508 suam,
1047 1435 1085 1496 et
1098 1425 1150 1494 lta
1163 1425 1290 1492 misius
1305 1425 1424 1512 agitur
1434 1425 1518 1494 boet
1529 1427 1576 1494 sd
1589 1428 1708 1496 minus
1721 1437 1851 1516 agabu
1863 1449 1929 1516 pro
1943 1429 2165 1498 deffendente

655 1573 693 1640 in
707 1573 789 1659 lege
803 1567 1014 1638 mercatoria
1027 1586 1134 1653 quam
1155 1566 1193 1632 in
1216 1566 1297 1652 lege
1319 1565 1509 1648 communi,
1531 1576 1569 1635 et
1591 1566 1644 1636 slc
1665 1569 1897 1655 respondetur
1918 1569 1965 1636 sd
1986 1571 2166 1640 duriciam.

655 1707 909 1776 Verumtamen
924 1707 1009 1793 quia
1022 1703 1174 1772 maiores
1199 1701 1394 1780 ciuitatum,
1417 1703 1603 1771 senescalli
1623 1703 1800 1786 feriarum,
1815 1707 1980 1774 custodes
2000 1719 2165 1794 pnrmum

657 1865 766 1932 supra
779 1864 887 1924 mma,
905 1841 1030 1910 balliui
1050 1841 1242 1928 burgorum
1264 1848 1301 1905 et
1322 1837 1493 1926 prepositi
1515 1849 1748 1908 mercatorum
1770 1842 1809 1908 in
1832 1843 1982 1912 diuersis
2003 1843 2165 1930 partibus

656 1981 779 2068 Regni
793 1979 988 2046 existentes
1003 1977 1040 2045 in
1054 1977 1257 2045 huiusmodi
1271 1979 1424 2045 casubus
1442 1997 1521 2047 cum
1544 1987 1757 2045 mercatores
1770 1979 1827 2046 vel
1842 1981 2034 2048 secundum
2048 1981 2165 2069 legem

655 2117 901 2186 mercatoriam
916 2135 1034 2182 coram
1059 2115 1113 2180 eis
1136 2115 1307 2201 placitare
1329 2115 1509 2198 debentes,
1532 2115 1616 2182 licet
1636 2116 1812 2198 absentee,
1829 2115 2014 2184 attacbisti
2038 2115 2167 2185 fuerint

653 2258 827 2342 perbone
850 2265 886 2322 et
909 2254 1040 2320 catalla
1059 2273 1123 2318 sua
1138 2252 1286 2319 mobilis
1300 2271 1363 2319 seu
1384 2272 1449 2339 per
1469 2253 1711 2320 mercandisas
1735 2272 1819 2319 suas
1845 2255 1892 2320 ad
1915 2265 2029 2322 cenas
2053 2255 2168 2322 curias

653 2413 738 2460 suas
751 2391 869 2462 vocati
883 2412 956 2459 non
970 2391 1232 2476 comparuerint
1246 2391 1389 2458 eosdem
1405 2391 1621 2458 attacbietos
1642 2391 1688 2458 de
1709 2391 1814 2458 bonis
1835 2391 1910 2458 suis
1935 2392 2081 2459 omnino
2104 2412 2167 2459 seu

653 2530 773 2600 saltim
797 2531 843 2596 ad
868 2529 1104 2615 quantitatem
1128 2528 1303 2594 demands
1327 2535 1452 2594 conus
1474 2547 1537 2594 sos
1561 2526 1654 2594 facte
1676 2525 1783 2594 nimis
1805 2527 1876 2594 cito
1890 2538 1927 2596 et
1941 2529 2165 2614 sunepcione

653 2668 911 2746 adiudicarunt,
926 2675 963 2732 et
983 2664 1037 2731 ita
1059 2663 1295 2732 diuersimode
1320 2663 1358 2729 in
1384 2663 1535 2732 diuersis
1559 2663 1720 2750 partibus
1748 2665 1844 2750 quod
1874 2667 1993 2734 nullus
2021 2666 2166 2734 omnino

653 2826 857 2894 processum
871 2804 964 2890 legis
978 2801 1185 2870 mercatoris
1200 2802 1238 2868 in
1252 2821 1296 2869 ea
1309 2812 1411 2888 parte
1426 2801 1516 2869 scire
1527 2821 1593 2869 nec
1609 2821 1823 2890 cognoscere
1833 2802 1974 2887 poterit
2018 2801 2169 2888 Propter

653 2945 722 3010 hoc
735 2941 938 3010 ordinatum
952 2950 1007 3008 est
1021 2941 1116 3026 quod
1131 2940 1163 3006 si
1177 2938 1379 3006 huiusmodi
1394 2940 1560 3006 absentes
1574 2939 1635 3025 qui
1651 2939 1837 3006 attacbieti
1849 2937 1980 3006 fuerim
2000 2959 2073 3006 non
2095 2939 2168 3007 sint

654 3079 747 3147 inira
772 3097 922 3165 regnum
950 3088 987 3144 et
1013 3077 1085 3143 sint
1110 3075 1148 3142 in
1171 3075 1317 3142 remotis
1340 3075 1512 3162 partibus,
1536 3086 1574 3143 et
1595 3076 1663 3144 boc
1688 3075 1917 3142 testificamm
1931 3075 2036 3144 firerit
2050 3096 2168 3144 coram

655 3217 871 3286 Senescallis
896 3224 933 3283 et
968 3215 1076 3283 Curia
1109 3212 1332 3296 sufficienter,
1375 3213 1433 3281 vel
1475 3213 1567 3282 forte
1609 3234 1674 3303 per
1717 3215 1872 3301 aliquem
1916 3215 2068 3282 amicum
2111 3216 2169 3284 vel

655 3355 912 3444 apprenticium
925 3356 983 3422 vel
999 3354 1108 3420 alium
1122 3353 1301 3421 bominem
1317 3373 1419 3422 suum
1434 3354 1496 3440 qui
1520 3354 1651 3441 alleget
1676 3355 1772 3440 quod
1797 3353 1874 3440 ipse
1896 3353 2060 3420 dominus
2082 3373 2168 3421 suus

654 3493 716 3578 qui
740 3502 796 3559 est
809 3492 862 3558 ita
877 3489 1093 3557 attachiatus
1107 3509 1170 3558 seu
1186 3491 1286 3558 cuius
1299 3494 1396 3558 bone
1418 3503 1501 3560 sunt
1521 3492 1717 3560 attacbiata
1731 3493 1778 3560 sit
1793 3493 1831 3558 in
1846 3493 1966 3579 aliquo
1980 3493 2059 3560 loeo
2074 3503 2169 3560 certo

653 3631 710 3697 vel
725 3628 864 3696 circiter
878 3627 1032 3716 aliquem
1047 3627 1165 3695 locum
1180 3638 1314 3695 certum
1335 3631 1392 3696 vel
1415 3628 1506 3695 infra
1527 3648 1688 3717 regnum,
1705 3639 1789 3696 tunc
1802 3649 1866 3715 per
1881 3631 2116 3698 senescallum
2131 3639 2168 3698 et

653 3775 866 3834 mercatores
881 3767 926 3832 de
947 3763 1055 3834 Curia
1075 3763 1139 3831 illa
1156 3765 1349 3832 secundum
1369 3765 1622 3834 discrecionem
1644 3785 1763 3834 eorum
1787 3765 1991 3852 assignetur
2007 3765 2077 3834 sibl
2091 3767 2168 3835 dies

654 3916 859 3990 competens
882 3921 948 3990 pro
972 3903 1051 3970 loco
1073 3901 1136 3969 illo
1164 3901 1255 3969 citra
1283 3924 1388 3990 quem
1410 3903 1674 3972 racionabiliter
1693 3905 1815 3970 venire
1836 3903 1977 3994 poterit,
2000 3903 2052 3972 ita
2072 3905 2167 3991 quod

589 4085 597 4100 ·
656 4045 688 4112 si
721 4043 815 4112 inira
851 4045 941 4112 duos
975 4043 1052 4110 dies
1074 4043 1195 4112 renim
1220 4065 1294 4111 non
1333 4043 1464 4130 poterit
1491 4046 1624 4112 babeat
1649 4053 1732 4125 tres,
1754 4053 1791 4110 et
1820 4042 1912 4110 infre
1937 4051 2009 4110 tres
2037 4042 2168 4112 babeat

654 4191 815 4269 quatuor.
871 4181 920 4248 Et
949 4181 1070 4267 siper
1102 4181 1171 4248 loci
1202 4183 1416 4249 distanciam
1460 4193 1621 4269 oporteat
1660 4182 1778 4268 ipsum
1814 4181 1946 4248 babere
1983 4179 2167 4248 ulteriores

654 4331 692 4388 et
714 4321 834 4406 plures
859 4318 984 4400 dietas,
1010 4328 1096 4385 tunc
1121 4329 1369 4405 computentur
1391 4321 1484 4388 dieta
1508 4321 1568 4386 ille
1593 4339 1657 4406 per
1685 4319 1818 4387 curiam
1845 4328 1882 4386 et
1907 4327 2024 4404 preter
2052 4317 2167 4386 dietas

656 4458 739 4524 illas
774 4456 970 4522 allocentur
1003 4455 1037 4522 ei
1059 4456 1130 4522 duo
1164 4458 1222 4524 vel
1254 4469 1326 4524 tres
1360 4459 1437 4525 dies
1470 4460 1518 4525 ad
1550 4457 1631 4545 plus
1663 4457 1709 4524 de
1739 4455 1944 4543 auantagio.
2002 4453 2052 4521 Et
2087 4463 2169 4542 post

656 4595 758 4661 illurn
787 4593 920 4660 ninum
948 4591 1042 4660 diem
1072 4593 1117 4660 de
1141 4595 1335 4681 auantagio
1365 4595 1468 4662 detur
1505 4593 1668 4661 sibisibi
1695 4592 1865 4681 (st'c)dies
1894 4592 1942 4659 ad
1969 4591 2168 4678 proximam

657 4731 793 4799 curiam
828 4741 958 4798 extunc
995 4742 1199 4818 sequentem
1230 4735 1276 4799 ad
1304 4733 1527 4812 veniendum,
1557 4732 1604 4797 ad
1633 4751 1741 4817 quam
1771 4730 1802 4797 si
1830 4729 1966 4796 venerit
2001 4729 2168 4815 procedat

546 4921 549 4930 Δ
658 4868 839 4956 placitum.
884 4865 933 4934 Et
948 4866 979 4934 si
993 4888 1065 4933 non
1080 4869 1217 4936 venerit
1231 4889 1296 4936 nec
1310 4868 1488 4935 essonium
1511 4867 1647 4935 miserit
1660 4877 1745 4934 tnnc
1759 4867 1990 4933 demandetur
2011 4875 2050 4932 vt
2071 4865 2169 4952 prius

660 5006 708 5072 ad
736 5003 927 5071 secundam
951 5002 1105 5086 ceriam,
1135 5015 1171 5074 et
1199 5009 1406 5074 obseruebrr
1432 5017 1564 5073 extunc
1591 5025 1777 5092 processus
1806 5002 2028 5091 supradictus
2061 5021 2103 5069 ac
2139 5002 2171 5071 si

660 5161 807 5229 presens
841 5140 966 5207 luisset
1001 5141 1039 5208 in
1074 5143 1189 5228 primo
1225 5144 1511 5210 attachiamento.
1577 5142 1626 5209 Et
1651 5142 1682 5209 si
1705 5141 1794 5208 forte
1823 5141 1870 5209 ad
1893 5138 1988 5207 dlem
2011 5137 2110 5205 illum
2130 5159 2171 5206 se
