5224 6596
846 805 944 898 dbt
967 806 1106 898 little
1130 807 1229 898 tito
1254 807 1381 898 tecit
1407 807 1458 898 ot
1487 808 1676 901 tirtstoi.
1941 829 2013 904 20³

509 1018 699 1106 Episcopo,
729 1020 822 1088 dicte
849 1017 1082 1089 fraternitatis
1105 1019 1278 1090 confratre
1303 1019 1463 1090 effectius
1486 1023 1693 1111 approbate,
1715 1031 1752 1090 et
1773 1039 1838 1108 per
1857 1019 2016 1108 ejusdem

506 1154 693 1224 consillum
721 1165 758 1223 et
786 1155 957 1223 auxilium
986 1141 1023 1224 a‘
1037 1157 1182 1226 domino
1209 1177 1306 1247 papa
1332 1159 1564 1247 probabiliter
1599 1156 1817 1241 confirmata,
1845 1168 1951 1248 prout
1979 1157 2018 1226 in

507 1294 678 1383 rescripto
721 1315 787 1364 suo
828 1295 952 1384 papali
994 1296 1130 1383 liquido
1169 1299 1281 1386 liquet
1318 1297 1530 1387 inspicienti,
1570 1315 1677 1384 quam
1716 1295 1818 1383 sequi
1855 1303 2020 1364 tenemur

508 1450 633 1500 omnes
660 1430 794 1520 pariter
820 1441 858 1500 et
885 1431 1073 1502 defendere
1099 1433 1162 1521 qui
1190 1438 1238 1503 ad
1265 1437 1398 1506 dictam
1430 1433 1754 1504 mniraternitntem
1782 1441 1928 1522 propter
1962 1431 2019 1501 sui

512 1567 708 1636 bonitatem
745 1569 900 1658 suscepti
935 1569 1065 1640 luserint
1099 1572 1157 1642 vel
1189 1573 1356 1651 admissi3
1400 1573 1447 1640 ad
1476 1571 1571 1659 quod
1599 1569 1799 1640 faciendum
1828 1579 2019 1658 antequam

514 1703 560 1770 ac
589 1703 720 1772 unam
749 1705 1072 1775 confraternitatem
1107 1707 1250 1796 penitus
1287 1709 1520 1776 admittantm
1554 1725 1679 1775 onnes
1713 1715 1751 1774 et
1786 1704 1921 1795 ungui
1956 1723 2022 1792 per

513 1851 772 1910 commentum
801 1839 1039 1912 indifferenter
1060 1845 1314 1934 astrlngautur,
1335 1845 1501 1914 videlicet
1521 1845 1617 1932 quod
1637 1841 1737 1912 omni
1756 1841 1845 1912 ieris
1865 1841 2022 1912 seminda

513 1977 551 2044 in
587 1977 762 2066 principio
798 1981 986 2068 cujuslibet
1022 1981 1155 2051 mensis
1187 1981 1246 2050 vel
1275 1981 1347 2048 alia
1382 1980 1442 2047 die
1477 1977 1693 2066 competenti
1727 1996 1837 2065 quam
1873 1975 2024 2064 degent

511 2125 718 2202 procurator
759 2117 1057 2188 confraternitatis
1101 2119 1223 2188 statim
1266 2128 1349 2208 post
1390 2117 1543 2205 primam
1586 2117 1765 2205 pulsatam
1809 2113 2025 2184 wnueniant

514 2267 637 2316 omnes
689 2249 893 2334 constance,
945 2261 1021 2320 tarn
1072 2253 1190 2322 clerici
1240 2275 1348 2342 quam
1392 2253 1487 2338 iaici,
1533 2254 1580 2322 ad
1623 2253 1810 2322 ecclesiam
1854 2249 2024 2320 Omnium

514 2383 738 2468 Sanctorum,
789 2387 979 2472 Bristoilia
1030 2409 1095 2476 par
1144 2389 1309 2460 clericum
1360 2387 1659 2458 confi-aternitatis
1709 2389 1768 2458 dle
1821 2389 2025 2478 precedenti

516 2522 707 2611 premuniti
719 2547 729 2601 t
777 2535 814 2592 et
855 2525 952 2595 dicta
989 2527 1261 2596 comendacione
1305 2537 1466 2596 cantetur
1507 2528 1619 2596 misse
1660 2547 1727 2616 pro
1763 2526 1928 2596 fidelibus
1955 2527 2027 2596 Dei

516 2659 701 2745 comunis,
738 2670 776 2731 et
809 2662 1051 2753 unusquisque
1085 2664 1298 2734 confratrum
1333 2684 1400 2754 pro
1442 2665 1617 2734 defunctis
1653 2665 1699 2732 ad
1735 2665 1834 2734 illem
1879 2663 2026 2732 missam

517 2795 661 2878 efferate
691 2799 836 2868 sivero
865 2799 995 2888 aliquis
1030 2801 1245 2870 confratrum
1278 2799 1385 2870 fuerit
1420 2799 1580 2870 infirmus
1615 2820 1681 2890 pro
1717 2819 1761 2870 eo
1798 2802 1845 2868 ad
1880 2801 2028 2870 misam

516 2953 640 3022 preces
666 2931 757 3005 fiant
784 2935 879 3006 inter
905 2936 1042 3006 stamas.
1101 2938 1149 3006 Et
1185 2937 1217 3006 si
1252 2937 1382 3007 fixerint
1418 2936 1544 3006 frena
1579 2937 1796 3026 interpellati
1832 2936 2030 3008 uisitabuut

518 3069 706 3140 infirmum.
763 3071 853 3142 Cum
889 3083 1008 3142 autem
1045 3075 1175 3164 aliquis
1209 3076 1256 3144 de
1291 3075 1533 3144 sacerdotibus
1569 3083 1727 3142 mortuus
1762 3073 1868 3143 licerit
1903 3093 2029 3144 omnes

519 3207 712 3280 confratres
763 3213 810 3278 ad
853 3213 1025 3299 exequias
1067 3213 1165 3282 illins
1207 3211 1422 3288 conueniant
1471 3221 1509 3278 et
1561 3209 1804 3298 unusquisque
1855 3207 2030 3280 Sacerdos

520 3368 630 3416 unum
659 3367 798 3416 cereum
826 3348 873 3418 de
901 3349 1050 3417 dimidia
1077 3349 1171 3418 libra
1198 3369 1277 3418 cere
1306 3367 1428 3418 secum
1455 3347 1591 3436 portari
1620 3345 1729 3416 faciat
1764 3355 1805 3414 ut
1835 3347 1882 3412 ad
1914 3345 2030 3416 dictas

521 3485 690 3572 nequies
718 3487 852 3569 ardeat,
881 3496 918 3554 et
951 3487 1024 3557 sint
1059 3487 1261 3557 sacerdotes
1304 3485 1343 3553 in
1384 3481 1652 3573 superpelliciis.
1711 3481 1759 3550 Et
1797 3482 1835 3550 in
1874 3483 2030 3551 crastim

520 3622 683 3692 similiter
721 3643 802 3692 cum
841 3623 952 3692 cereis
992 3625 1151 3692 accensis
1193 3625 1232 3692 iu
1274 3621 1533 3710 superpelliciis
1575 3619 1779 3690 deftmctum
1823 3619 1871 3688 ad
1911 3621 2028 3688 locum

519 3761 699 3849 sepulture
726 3781 833 3848 quam
862 3761 1010 3851 elegerit
1037 3761 1240 3850 precedant,
1275 3769 1313 3828 et
1340 3765 1493 3846 quatuor
1521 3758 1567 3827 de
1596 3757 1830 3826 oonfnnutbus
1857 3758 1919 3826 vei
1947 3757 2030 3828 aliis

522 3899 646 3968 amicis
696 3900 911 3988 specialibus
962 3898 1118 3968 destructi
1169 3917 1297 3986 corpus
1347 3896 1508 3965 deferant
1558 3895 1597 3964 in
1648 3893 1740 3962 albis
1789 3901 2031 3978 competenter

522 4036 736 4120 incedentes,
780 4037 910 4125 quibus
952 4037 985 4106 si
1027 4037 1124 4105 bona
1166 4035 1323 4104 defuncti
1365 4053 1438 4103 non
1488 4031 1665 4102 sufficiant
1713 4027 1943 4118 prouideatur
1983 4027 2031 4094 de

522 4173 697 4242 confraria
725 4184 929 4263 competens
957 4193 1093 4242 mmces
1119 4191 1186 4262 pro
1210 4171 1332 4242 labore
1361 4171 1527 4240 adminus
1554 4167 1744 4255 unicuique
1773 4168 1844 4235 duo
1872 4164 2029 4244 denariis

522 4312 569 4379 ad
597 4311 747 4399 primam
777 4311 923 4380 missam
952 4311 1152 4380 sacerdotes
1180 4330 1300 4381 cereos
1325 4307 1497 4387 offeraut3
1528 4305 1590 4374 alii
1611 4303 1804 4374 confranes
1825 4311 2028 4391 argentum

522 4449 569 4516 ad
598 4447 789 4517 secundam
817 4449 964 4518 missam
993 4449 1025 4518 si
1061 4449 1150 4518 forte
1185 4451 1375 4540 contigerit
1411 4457 1599 4538 argentum
1636 4443 1813 4525 offeratur,
1854 4452 1892 4510 et
1929 4441 2029 4510 illam
2131 4502 2141 4522 ,

518 4587 739 4657 oblacioncm
782 4587 935 4676 accipiat
977 4587 1039 4657 iile
1080 4589 1144 4677 qui
1186 4587 1398 4658 consumtus
1439 4581 1545 4652 nteit
1587 4577 1766 4670 pecudis
1821 4587 2029 4666 procurator

518 4723 816 4793 connatnnitntis
843 4723 1110 4802 ctutodiendam
1139 4742 1322 4812 quousque
1349 4720 1577 4810 prouidentur
1604 4717 1697 4786 inter
1716 4715 1843 4784 traca
1872 4713 1959 4802 quid
1980 4713 2026 4782 de

518 4863 644 4931 eadem
671 4863 793 4932 utilius
820 4863 924 4932 fiterit
959 4861 1169 4932 faciendum.
1215 4859 1256 4932 Si
1292 4869 1411 4928 autem
1447 4855 1646 4925 constiterit
1678 4853 1774 4924 dicto
1810 4851 2030 4941 procuratori

520 4998 617 5084 quod
659 4999 880 5067 oblationem
923 5001 1076 5068 secunde
1113 4999 1221 5068 misse
1259 4997 1371 5066 libere
1403 4993 1585 5084 percipere
1622 5011 1695 5060 non
1734 4989 1900 5080 pomerii·
1943 4997 2030 5058 ti²¹¹⁰

522 5133 637 5202 dictus
665 5145 871 5222 procurator
895 5137 1086 5204 secundam
1115 5135 1261 5206 missam
1282 5153 1355 5204 non
1377 5142 1540 5222 procuret
1561 5149 1627 5200 nec
1648 5126 1840 5197 confranes
1861 5121 2027 5202 cffmantt
