5294 6592
828 793 925 884 obe
949 792 1088 883 little
1112 792 1210 883 lico
1235 792 1363 883 Boon
1389 793 1439 884 ot
1469 794 1655 884 tirtetot
1946 819 1992 894 57

576 1001 778 1095 [Although
800 1010 861 1073 the
882 1007 1064 1092 following
1089 1009 1233 1075 treatise
1254 1027 1301 1073 on
1325 1007 1512 1075 Merchant
1535 1007 1620 1076 Lavv
1645 1007 1731 1076 does
1754 1019 1818 1076 not
1844 1028 1995 1077 concern

661 1143 793 1210 Bristol
815 1145 1054 1231 particularly,
1081 1146 1143 1210 the
1165 1143 1375 1211 Committee
1399 1145 1546 1212 decided
1570 1155 1609 1213 to
1628 1145 1719 1211 have
1742 1145 1770 1211 it
1789 1145 1930 1230 printed
1956 1145 1996 1210 r'n

660 1283 791 1344 extenso
813 1299 859 1345 on
890 1291 1039 1348 account
1069 1279 1109 1345 of
1132 1281 1180 1346 its
1209 1289 1310 1366 great
1324 1312 1325 1315 ยน
1340 1279 1486 1347 interest
1515 1281 1586 1346 and
1616 1280 1812 1366 important
1845 1281 1997 1369 liearing

661 1436 708 1482 on
738 1418 837 1482 trade
864 1417 901 1482 in
927 1418 988 1484 the
1013 1416 1147 1483 middle
1173 1435 1270 1502 ages.
1323 1415 1426 1482 After
1456 1416 1561 1484 much
1590 1417 1713 1483 search
1742 1417 1814 1483 and
1848 1417 1998 1505 enquiry

660 1554 722 1619 the
745 1553 859 1618 editor
883 1555 949 1619 has
973 1555 1063 1619 been
1090 1555 1220 1619 unable
1246 1563 1284 1620 to
1307 1552 1467 1620 discover
1491 1554 1569 1620 that
1594 1553 1622 1620 it
1647 1554 1715 1620 has
1738 1555 1829 1622 been
1855 1555 1995 1640 printed

659 1687 788 1754 before.
842 1689 877 1754 It
903 1690 935 1755 is
962 1689 1000 1756 in
1026 1709 1050 1755 a
1073 1690 1170 1755 hand
1196 1688 1237 1755 oi
1264 1692 1325 1756 the
1356 1691 1435 1772 r4th
1463 1688 1637 1780 century]

326 2020 396 2070 raa.
491 2011 711 2087 INCIPIT
759 2013 882 2086 LEX
938 2003 1145 2089 'MERCA
1154 2012 1192 2087 T
1189 2012 1335 2104 ORIA,
1393 2014 1519 2108 QUE,
1576 2014 1825 2106 QUANDO,
1895 2013 1994 2104 VBI,

350 2398 371 2464 j.

721 2189 904 2263 INTER
959 2189 1103 2281 Quos
1150 2190 1244 2292 ar,
1276 2190 1363 2266 DE
1417 2187 1624 2281 QUIBUS
1673 2189 1769 2264 svn

619 2375 695 2442 Lex
709 2378 918 2444 mercatoria
932 2400 956 2445 a
970 2391 1125 2447 mercato
1139 2381 1324 2466 peruenire
1339 2380 1497 2460 sentitur,
1514 2390 1550 2448 et
1571 2381 1655 2448 inde
1676 2379 1792 2466 primo
1814 2378 1996 2446 sciendum

488 2521 543 2581 est
571 2512 632 2580 vbi
662 2524 853 2580 mercatum
883 2534 922 2580 se
954 2525 1049 2582 tenet
1080 2517 1126 2582 de
1162 2537 1233 2602 quo
1261 2517 1463 2583 huiusmodi
1491 2517 1590 2602 leges
1625 2515 1837 2601 proueniunt
1849 2539 1858 2592 ฯ
1902 2514 1995 2580 vnde

489 2652 742 2718 aduertendum
771 2661 826 2718 est
855 2653 950 2737 quod
979 2661 1173 2718 mercatum
1201 2653 1404 2720 huiusmodi
1422 2672 1471 2718 se
1499 2653 1609 2719 habet
1644 2651 1681 2717 in
1715 2651 1871 2737 quinque
1907 2651 1996 2718 locis

488 2799 638 2869 tantum,
668 2789 803 2855 scilicet
839 2791 876 2854 in
914 2788 1138 2869 ciuitatibus,
1183 2789 1361 2870 nundinis,
1398 2791 1570 2874 portubus
1606 2807 1714 2873 supra
1748 2807 1856 2870 mare,
1900 2787 1996 2854 villis

487 2925 706 2993 mercatoriis
726 2936 763 2993 et
784 2925 918 3012 burgis,
943 2934 979 2992 et
1005 2925 1074 2991 hoc
1099 2925 1240 2992 racione
1264 2925 1411 2992 mercati
1435 2925 1528 2992 vnde
1552 2925 1697 2990 vlterius
1719 2933 1775 2991 est
1792 2923 1994 3003 videndum,

486 3066 581 3150 quod
595 3064 687 3130 sicut
701 3074 893 3142 mercatum
909 3083 948 3130 se
962 3064 1072 3130 habet
1086 3064 1123 3130 in
1137 3085 1171 3129 v.
1187 3064 1285 3142 locis,
1301 3063 1352 3130 ita
1367 3083 1506 3150 semper
1527 3063 1684 3149 sequitur
1705 3062 1765 3129 lex
1786 3061 1997 3128 mercatoria

488 3201 564 3268 siue
593 3201 653 3267 lex
681 3201 837 3282 mercati,
863 3200 1029 3266 videlicet
1050 3200 1136 3286 quia
1155 3199 1193 3266 in
1213 3200 1417 3266 ciuitatibus
1439 3209 1476 3266 et
1497 3199 1666 3267 nundinis
1687 3199 1764 3266 siue
1785 3197 1881 3265 feriis
1900 3197 1996 3284 quod

488 3337 582 3404 idem
604 3346 659 3404 est
687 3336 776 3404 fiunt
802 3337 1004 3422 empciones
1025 3348 1061 3405 et
1083 3337 1310 3404 vendiciones
1334 3337 1632 3404 mercandisarum
1652 3335 1829 3414 continue,
1850 3333 1994 3414 scilicet,

486 3475 648 3554 vestium,
667 3474 872 3540 victualium
897 3483 933 3540 et
957 3473 1059 3558 quasi
1085 3473 1369 3540 omnimodorum
1395 3475 1567 3540 bonorum
1589 3470 1792 3546 mobilium
1827 3470 1907 3536 ideo
1935 3468 1995 3535 lex

488 3610 558 3676 ista
583 3609 808 3694 consequitur
831 3629 870 3676 se
897 3610 1014 3694 ipsam
1041 3611 1207 3678 continue
1228 3611 1266 3677 in
1289 3610 1359 3677 hiis
1377 3612 1516 3677 duobus
1530 3609 1621 3676 sicut
1634 3620 1672 3676 et
1685 3615 1879 3676 mercatum
1893 3615 1930 3673 et
1943 3605 1995 3672 ita

487 3755 542 3812 est
556 3747 871 3813 attachiamentum
886 3747 962 3814 siue
977 3747 1181 3814 adiomacio
1196 3749 1321 3814 harum
1336 3749 1456 3834 legum
1478 3747 1524 3814 de
1544 3747 1632 3813 hora
1646 3746 1844 3820 initorum
1873 3751 1912 3808 vt
1933 3741 1994 3809 de-

487 3893 570 3948 ante
590 3883 714 3949 horam
736 3904 867 3950 nonam
890 3895 971 3969 post
993 3885 1116 3951 horam
1138 3904 1279 3964 nonam,
1296 3905 1358 3952 seu
1372 3885 1417 3951 de
1431 3883 1556 3951 diebus
1570 3883 1608 3948 in
1623 3882 1700 3949 dies
1714 3880 1940 3968 contignatus
1953 3888 1994 3945 vt

486 4019 532 4084 de
553 4019 611 4086 die
633 4020 717 4086 lune
741 4021 787 4086 ad
809 4021 905 4087 diem
930 4020 1064 4102 martis,
1088 4032 1125 4089 et
1145 4022 1191 4088 de
1215 4021 1274 4089 die
1295 4021 1420 4088 martis
1441 4022 1479 4088 in
1501 4020 1595 4087 diem
1617 4017 1790 4098 mercurii,
1813 4014 1883 4082 nisi
1904 4013 1994 4082 forte

486 4165 605 4242 partes
628 4157 666 4222 in
689 4157 823 4243 largius
847 4177 911 4224 seu
933 4158 1076 4238 breuius
1093 4158 1333 4226 consenciant
1378 4157 1422 4224 In
1436 4156 1607 4243 portubus
1621 4152 1992 4244 attachiamentasiue

486 4293 752 4359 adiomaciones
767 4302 850 4359 sunt
864 4293 1026 4361 similiter
1038 4295 1239 4376 ordinatim,
1252 4295 1344 4362 sicut
1357 4303 1394 4362 ct
1407 4313 1464 4360 res
1478 4293 1622 4359 venales
1630 4289 1777 4357 veniunt
1791 4288 1838 4356 ad
1851 4297 1992 4374 portum

485 4437 522 4495 ct
542 4439 674 4495 exeunt
694 4438 846 4514 portum,
869 4431 1004 4497 scilicet
1026 4432 1071 4498 de
1093 4433 1251 4519 daytyda
1272 4431 1310 4497 in
1332 4431 1536 4518 daytydam,
1551 4447 1617 4494 nec
1640 4425 1837 4511 computari
1861 4425 1993 4492 debent

484 4567 558 4633 tide
573 4569 766 4635 noctuales.
810 4569 854 4634 In
869 4567 964 4635 villis
979 4568 1196 4636 mercatoriis
1210 4577 1247 4636 et
1261 4568 1385 4655 burgis
1406 4568 1537 4634 debent
1557 4563 1633 4632 lieri
1656 4563 1933 4633 attachiamenta
1955 4571 1992 4631 et

461 4684 752 4772 'amomaciones
773 4706 818 4772 de
838 4714 994 4772 mercato
1016 4706 1054 4772 in
1080 4713 1236 4772 mercato
1261 4703 1330 4794 (sr'c)
1358 4705 1396 4770 in
1421 4707 1625 4770 mercatum.
1683 4701 1744 4768 Ad
1773 4701 1873 4788 leges
1902 4699 1990 4768 istas

484 4841 661 4926 pertinent
688 4841 896 4908 naturaliter
925 4843 1045 4909 omnia
1075 4842 1208 4928 placita
1235 4851 1353 4927 preter
1380 4838 1514 4926 placita
1541 4847 1633 4906 terre
1662 4847 1810 4905 tannim.
1856 4837 1929 4906 Sed
1958 4836 1990 4905 si

484 4978 619 5044 domini
633 4987 670 5045 et
682 4988 803 5064 partes
817 4977 1030 5062 placitantes
1045 4978 1160 5044 maius
1173 4977 1349 5043 voluerint
1362 4977 1534 5043 deducere
1548 4986 1585 5044 et
1603 4974 1769 5060 prosequi
1791 4974 1924 5060 placita
1945 4973 1990 5040 de
2076 5001 2078 5008 >

485 5113 636 5200 appellis
650 5114 687 5179 in
702 5113 806 5181 dictis
821 5113 909 5180 locis
920 5133 1038 5228 coram
1053 5114 1105 5182 eis
1119 5115 1287 5183 inchoata
1300 5115 1339 5182 in
1353 5115 1433 5183 aliis
1447 5114 1554 5182 curiis
1568 5115 1615 5182 ad
1630 5132 1851 5182 communem
1873 5113 1989 5198 legem
