5294 6592
834 811 932 904 ube
956 810 1217 903 litttetieo
1242 809 1445 901 Bootot
1474 811 1664 902 Bristot.
1929 833 2001 907 ηρ

495 997 613 1109 logum
640 1031 678 1090 ot
705 1022 994 1092 oonsusmdioom
1022 1021 1126 1112 regni
1153 1021 1266 1090 nostri
1299 1021 1434 1111 Anglis
1469 1041 1513 1092 ao
1547 1021 1697 1093 formum
1731 1021 1998 1090 ordinacionum

495 1167 533 1226 ot
561 1167 771 1228 statutorum
796 1159 1042 1246 predictorum.
1101 1159 1249 1232 Proviso
1276 1181 1416 1250 semper
1443 1163 1539 1249 quod
1574 1162 1607 1232 si
1643 1179 1748 1230 ossus
1782 1157 2001 1229 diffinitoris

496 1313 603 1382 super
644 1295 943 1364 determinatione
983 1295 1225 1364 extorsionum
1267 1296 1470 1368 huiusmodi
1528 1317 1648 1370 ourani
1704 1297 1809 1387 vobis
1858 1296 2001 1366 evenire

497 1430 685 1518 oontigarit
716 1433 811 1519 quod
839 1432 887 1500 ad
918 1431 1089 1519 judicium
1125 1432 1208 1500 inde
1243 1435 1460 1504 reddendum
1495 1435 1567 1504 nisi
1602 1435 1640 1502 in
1675 1431 1860 1522 presencia
1893 1431 2001 1502 unius

496 1567 775 1652 Justioiariorum
803 1577 1002 1638 nostrorum
1025 1571 1070 1636 do
1091 1589 1163 1637 uno
1183 1572 1241 1638 vol
1263 1572 1375 1641 altaro
1395 1573 1511 1642 banno
1532 1582 1594 1641 aut
1613 1569 1894 1658 Justioiariorum
1915 1588 1999 1638 nos·

498 1714 632 1771 trorum
653 1704 701 1771 ud
731 1705 865 1774 assisss
896 1705 935 1772 in
965 1705 1135 1773 comitatu
1165 1707 1324 1794 predicto
1355 1709 1548 1798 eapienm
1582 1707 1844 1796 migratorum
1879 1725 1999 1776 oorsm

496 1845 599 1914 vobis
613 1843 759 1912 minime
773 1842 992 1930 prooodatur.
1034 1842 1084 1911 Et
1098 1842 1178 1912 ideo
1192 1845 1294 1914 vobis
1306 1854 1345 1915 st
1353 1845 1499 1914 cuilibet
1512 1853 1667 1913 vostrum
1681 1842 1891 1912 mandamus
1905 1843 2000 1929 quod

497 1981 592 2052 circa
619 1980 816 2050 modium
844 1979 946 2066 pacis
974 1988 1247 2049 naumurum
1275 1981 1512 2068 mediatorum
1540 1978 2001 2069 duigmtoeintsndatiset

496 2117 955 2188 adosrtos'diesotloca
988 2135 1079 2204 quos
1113 2137 1179 2186 vos
1214 2137 1290 2200 soz,
1327 2117 1494 2206 quinquo,
1529 2127 1691 2205 quatuor,
1727 2125 1800 2186 tros
1835 2117 1894 2185 vol
1929 2117 2001 2184 duo

496 2264 653 2322 vostrum
692 2254 739 2320 ad
774 2255 842 2320 hoc
877 2251 1101 2339 provideritis
1133 2253 1386 2341 inquisitiones
1421 2274 1528 2343 sopor
1562 2253 1744 2342 promissis
1778 2253 1927 2334 isciaflu
1963 2262 2001 2321 st

498 2392 671 2478 promissa
704 2390 824 2457 omnia
858 2398 896 2457 at
931 2389 1075 2478 siugissa
1109 2389 1264 2458 audiatis
1299 2401 1337 2460 ot
1364 2391 1573 2470 torminstis,
1602 2409 1646 2460 ao
1674 2391 1781 2458 modo
1808 2389 1929 2458 debito
1963 2397 2001 2458 st

498 2526 727 2595 affectualiter
749 2525 925 2612 expleatis
949 2525 988 2591 in
1010 2524 1125 2592 forma
1144 2527 1321 2614 prodictu
1346 2528 1473 2598 facturi
1495 2528 1579 2596 indo
1598 2528 1693 2614 quod
1714 2527 1762 2595 ad
1781 2525 2003 2613 Justicisrios

498 2661 652 2750 partinet
688 2662 883 2730 secundum
918 2661 1037 2749 legam
1065 2670 1103 2729 ot
1131 2663 1419 2734 oonsusosdinam
1447 2663 1549 2753 regni
1577 2663 1691 2732 nostri
1718 2662 1865 2750 Anglio,
1894 2662 2003 2730 salvis

499 2799 604 2866 nobis
639 2796 921 2866 amarciamontis
948 2807 985 2864 st
1013 2797 1094 2865 aliis
1129 2798 1177 2866 ad
1212 2820 1279 2870 nos
1312 2801 1396 2868 inda
1432 2799 1687 2886 spectantibus.
1752 2799 2003 2868 Mandavimus

499 2948 595 3011 anim
623 2941 821 3010 vicecomiti
846 2951 968 3012 nostro
995 2941 1185 3009 oomitatus
1213 2937 1362 3026 predicti
1389 2938 1486 3024 quod
1514 2938 1561 3004 ad
1589 2946 1705 3004 oortos
1739 2933 1818 3004 diss
1852 2945 1889 3003 st
1924 2937 2005 3006 loca

500 3100 590 3167 quos
624 3099 689 3146 vos
724 3099 800 3160 sax,
829 3079 995 3166 quinquo,
1024 3087 1185 3165 quatuor,
1214 3085 1287 3142 tros
1313 3075 1372 3141 vol
1399 3075 1471 3140 duo
1499 3083 1655 3141 ossuum
1683 3072 1718 3140 si
1748 3073 1838 3140 sciro
1865 3069 2005 3140 facinus

500 3217 630 3297 venire,
652 3216 774 3284 voniro
794 3215 903 3283 faciat
924 3235 1043 3284 noram
1065 3215 1168 3282 vobis
1189 3233 1264 3294 sax,
1285 3211 1452 3300 quinque,
1474 3220 1634 3297 quatuor,
1657 3209 1770 3277 tribus
1790 3210 1847 3277 vol
1866 3210 2004 3277 duobus

500 3363 656 3421 vostrum
686 3362 739 3421 tot
764 3362 802 3420 et
825 3353 917 3420 talos
946 3354 1076 3439 probos
1104 3361 1141 3419 at
1169 3351 1305 3438 legulos
1332 3349 1495 3416 homiues
1523 3348 1569 3415 do
1589 3346 1725 3414 baliiva
1744 3365 1810 3413 sua
1830 3363 1895 3431 per
1914 3363 2005 3432 quos

498 3491 550 3556 roi
584 3491 715 3556 veritas
751 3489 789 3554 in
830 3488 1013 3574 promissis
1048 3487 1174 3556 melius
1210 3485 1292 3554 sciri
1327 3484 1457 3572 poterit
1492 3492 1529 3551 et
1556 3482 1697 3568 inquiri.
1741 3480 1786 3547 In
1815 3479 1916 3549 ouius
1952 3480 2004 3547 rai

499 3625 740 3692 testimonium
768 3624 834 3690 has
863 3623 1000 3690 litteras
1030 3632 1170 3691 nostras
1200 3619 1277 3688 fiori
1305 3619 1451 3688 facimus
1479 3629 1653 3706 patentes.
1706 3617 1812 3686 Teste
1839 3636 1897 3684 mo
1925 3616 2004 3703 ipso

499 3754 595 3839 apud
615 3751 969 3820 westmonasterium
991 3755 1051 3842 viij
1074 3755 1134 3824 dia
1153 3755 1331 3824 ffobruarii
1353 3775 1448 3823 auno
1468 3754 1571 3842 regni
1592 3753 1704 3821 nostri
1726 3770 1820 3820 nono
1842 3747 1973 3842 [1386].

413 4061 420 4076 .
500 4003 758 4102 Appointnunt
811 4002 859 4100 of
904 4030 929 4077 a
991 4003 1220 4082 commosin
1281 4017 1315 4080 to
1375 4007 1475 4082 ntake
1533 4005 1742 4104 inquisitio
1800 4001 2009 4102 concerntng

501 4145 710 4220 armans
751 4146 828 4222 mn
878 4147 957 4220 tan
1010 4148 1106 4222 tan
1152 4147 1250 4248 ships
1292 4123 1413 4224 'mu
1464 4146 1520 4221 tn
1570 4143 1763 4232 Fatnlm,
1809 4165 1854 4236 η
1906 4141 2002 4228 Fu,

1010 4311 1056 4364 ιο
1104 4289 1184 4366 Ric.
1238 4292 1291 4366 IL
1348 4286 1492 4391 [1387].

545 4451 733 4532 Ricardus,
743 4451 812 4519 Dei
827 4453 959 4540 gracia,
971 4453 1054 4520 Rex
1068 4455 1202 4542 Anglis
1346 4455 1517 4533 Richard.
1547 4455 1597 4539 by
1625 4453 1687 4519 tho
1715 4471 1821 4540 grano
1846 4450 1889 4518 of
1911 4447 2002 4531 eoo,

500 4597 537 4656 at
566 4587 714 4655 Francia
743 4598 780 4655 at
809 4589 985 4658 Dominus
1019 4591 1201 4674 Hibernis,
1302 4591 1406 4679 King
1449 4590 1491 4658 of
1529 4589 1697 4677 Eugland
1740 4589 1812 4656 and
1855 4587 2001 4668 Franco,

501 4723 640 4790 dilectis
661 4722 730 4790 sibi
752 4725 877 4791 maiori
898 4725 983 4794 vilis
1008 4726 1200 4810 Bristollia,
1301 4727 1372 4792 and
1421 4725 1516 4794 Lord
1566 4725 1607 4792 of
1652 4725 1806 4806 Irsland,
1857 4734 1896 4790 to
1945 4724 2002 4791 his

500 4859 635 4926 Th0mo
726 4859 932 4946 Boaupany,
1019 4863 1200 4931 willelmo
1298 4863 1449 4930 boloved
1481 4863 1541 4929 the
1578 4881 1702 4947 mayor
1737 4861 1779 4927 of
1809 4862 1871 4927 the
1906 4869 2002 4926 town

501 4993 663 5082 Canyng,
678 4993 833 5077 Johanni
848 4995 1042 5078 Candsusr,
1064 4998 1201 5065 Th0me
1298 4999 1340 5066 of
1379 4999 1522 5078 Bristol,
1582 4997 1739 5065 Thomas
1794 4996 1999 5082 Baaupony,

500 5131 622 5210 Mulle,
660 5131 828 5199 seruienti
855 5143 978 5200 nostro
1013 5135 1059 5200 ad
1090 5156 1199 5218 arma,
1298 5134 1460 5202 William
1491 5135 1657 5222 Canyng,
1680 5134 1774 5218 John
1806 5132 1998 5211 Candavor,

1883 5259 1913 5308 Κ
