5224 6596
900 817 999 910 dhe
1022 815 1161 908 attale
1184 797 1284 910 lito
1308 817 1437 909 aoot
1463 817 1513 907 of
1543 817 1729 908 artato
1997 837 2068 914 247

564 1031 814 1122 Hygbbrygge
828 1032 960 1102 ibidem

562 1161 700 1230 Brasne

562 1288 755 1378 Lamum

561 1417 739 1504 Barowgh

562 1545 765 1614 But-naham

560 1673 785 1762 Houdespyll

562 1801 713 1872 Pawlett

691 1930 765 2000 Iste
792 1931 915 1998 villata
943 1941 1026 1998 sunt
1054 1929 1146 1999 infra
1172 1941 1287 1998 motas
1315 1941 1351 2000 et
1381 1929 1521 1998 bundas
1551 1927 1726 1996 libertatis
1760 1925 1846 1994 ville
1885 1925 2066 1994 Bristollie

561 2071 598 2128 et
626 2061 760 2146 absque
788 2069 902 2128 metas
935 2059 1012 2148 (sic)
1045 2069 1081 2128 et
1103 2062 1242 2131 bundas
1267 2063 1346 2152 (sic)
1373 2057 1662 2130 Admirallitatis.
1721 2055 1770 2124 Et
1791 2057 1843 2124 sic
1865 2055 2067 2143 adjudicate

560 2188 699 2256 metunt
738 2189 785 2255 ad
825 2186 968 2257 Curiam
1011 2199 1146 2257 tentam
1190 2191 1286 2278 apud
1329 2188 1524 2258 Portashed
1576 2205 1640 2272 per
1691 2184 1865 2254 Thomam
1922 2185 2065 2266 Dawnt,

562 2313 806 2384 Senescallum
842 2316 1000 2396 Ricardi,
1031 2315 1180 2386 Comitis
1215 2319 1434 2406 Wanewyln
1475 2313 1666 2383 Admiralli
1702 2313 1847 2401 Anglie,
1886 2312 1944 2381 dia
1982 2313 2066 2382 luna

559 2445 721 2530 proximo
750 2454 834 2512 anta
853 2443 981 2513 festum
1003 2445 1212 2513 Natiuitatis
1235 2445 1360 2516 Sancti
1390 2445 1566 2531 Jobannis
1598 2442 1773 2530 Baptista,
1796 2461 1892 2510 anuo
1911 2442 2066 2512 soeundo

561 2571 729 2639 Edwardi
758 2570 885 2658 Quarti
913 2573 1029 2661 Regis
1058 2593 1152 2642 nunc
1182 2571 1313 2666 [1462].

688 2701 800 2770 Oui.
834 2707 894 2771 ue
923 2705 985 2770 the
1012 2702 1195 2792 following
1223 2703 1419 2771 additional
1451 2711 1535 2768 note
1562 2719 1751 2770 oootrsz-

686 2829 759 2898 Die
779 2831 863 2900 luno
884 2832 1047 2917 proximo
1072 2842 1156 2901 ante
1176 2829 1306 2899 festum
1327 2828 1537 2898 Natiuitatis
1560 2826 1687 2896 Sancti
1706 2825 1881 2911 Johannis
1902 2826 2066 2912 Baptista

562 2976 658 3025 anno
678 2954 833 3049 [blank]¹
849 2959 951 3045 regnu
972 2953 1068 3045 regis
1089 2962 1184 3045 apud
1206 2961 1411 3044 Portesbed,
1440 2969 1478 3030 at
1506 2960 1638 3029 ibidem
1668 2957 1875 3046 Portebury,
1904 2957 2064 3038 Weston,

560 3084 708 3152 Walton
738 3095 775 3151 et
803 3083 995 3172 Clyvedon.

687 3210 758 3280 Die
793 3213 917 3279 martis
953 3223 1038 3281 tunc
1072 3215 1233 3300 proxime
1269 3217 1431 3302 sequenti
1469 3215 1564 3299 apud
1602 3212 1837 3300 Worspryng,
1867 3225 1903 3280 et
1934 3211 2065 3279 ibidem

558 3339 772 3427 Kyngeston
802 3337 984 3426 Seyrnour,
1015 3340 1149 3422 Worla
1178 3341 1345 3425 Custoke,
1376 3342 1494 3430 Wyke
1524 3342 1650 3413 Sancti
1681 3343 1877 3424 Laurencii,
1915 3341 2064 3410 Westoo

560 3487 668 3553 supra
682 3467 794 3547 Mars,
824 3467 951 3554 Uphill
980 3478 1017 3535 et
1045 3469 1195 3538 Bledou.

685 3592 756 3662 Die
785 3595 946 3663 mercurii
969 3606 1053 3664 tunc
1080 3599 1241 3682 proxime
1270 3599 1432 3686 sequenti
1462 3601 1558 3685 apud
1596 3597 1835 3687 Highbrigge,
1866 3609 1903 3666 et
1932 3597 2063 3665 ibidem

559 3722 686 3802 Brene,
715 3721 918 3811 Lymsham,
948 3724 1107 3806 aarum,
1135 3727 1329 3808 Burnham,
1360 3727 1532 3814 Honspill
1561 3737 1597 3794 et
1627 3726 1773 3793 Pawlet.

683 3849 743 3916 He
771 3861 855 3919 sunt
890 3862 983 3919 mete
1018 3863 1055 3920 et
1090 3855 1208 3921 bunde
1243 3855 1520 3924 Admirallitatis
1553 3855 1733 3924 Bristollie
1773 3854 1976 3940 adiudioate
2015 3853 2062 3918 ad

556 3979 688 4046 citriam
725 3989 860 4046 tentam
897 3981 991 4065 apud
1035 3981 1229 4051 Portesbad
1272 3973 1359 4069 per'
1385 3984 1559 4053 'rhomam
1610 3983 1767 4067 Daunte,
1820 3980 2062 4050 senescallum

559 4105 706 4174 Ricardi
736 4107 884 4176 Comitis
912 4106 1120 4197 Warrewyk
1147 4110 1339 4178 Admiralli
1367 4111 1513 4199 Anglie.

387 4333 476 4400 uma
557 4306 699 4383 Rccord
726 4309 773 4406 of
790 4335 814 4382 a
850 4307 937 4384 Sm't
968 4308 1077 4409 before
1101 4309 1231 4409 Philip
1262 4311 1396 4400 Made,
1427 4310 1566 4409 Mayor
1591 4310 1638 4411 ff
1664 4309 1816 4399 Bratol,
1848 4307 2063 4407 broughtby

560 4447 661 4543 John
696 4449 825 4540 Pesur,
861 4449 978 4526 Prior
1000 4452 1046 4549 ff
1071 4451 1241 4542 Witlam,
1273 4451 1332 4528 Ca.
1364 4453 1544 4541 Sumenti,
1572 4456 1714 4552 against
1739 4449 1795 4526 the
1819 4451 1888 4526 lale
1911 4448 2063 4548 Bailiffs

350 4661 514 4714 unom-
555 4593 602 4686 ol
625 4592 770 4670 Bn'stol
786 4593 859 4694 sor
890 4621 940 4668 an
976 4593 1099 4696 illegal
1130 4595 1270 4670 dutrrss
1304 4621 1350 4670 on
1387 4597 1521 4670 certain
1556 4593 1603 4694 aff
1626 4593 1683 4668 the
1716 4590 1865 4668 Prtbr's
1898 4599 2061 4676 totunm

363 4737 428 4778 nau
445 4737 501 4778 no
1004 4761 1018 4811 1
1047 4736 1149 4838 Aug.
1177 4757 1224 4830 37
1252 4736 1349 4814 Hm.
1387 4734 1448 4813 VJ·
1471 4731 1617 4837 [1459]-

347 4799 514 4844 SOLllClOM·

405 4865 458 4906 ³¹¹⁸
836 4876 893 4943 ue
922 4887 1080 4963 tempora
1108 4876 1267 4963 Philippi
1295 4877 1402 4946 Mede
1439 4877 1588 4965 anons
1617 4876 1776 4945 ariston

346 4928 519 4971 mmmm

350 4994 514 5100 ’ii‘ssffi'
686 5011 954 5082 Memorandum
968 5015 1046 5081 that
1067 5014 1128 5082 the
1148 5013 1238 5082 nest
1254 5016 1327 5102 day
1343 5014 1385 5083 of
1400 5013 1545 5102 August
1565 5017 1625 5082 the
1641 5033 1728 5102 yere
1749 5013 1791 5081 ot
1806 5013 1868 5080 the
1885 5009 2006 5098 Reign
2023 5009 2063 5077 oi

341 5111 521 5231 Bw„
556 5143 670 5233 Kyng
691 5144 816 5230 Henry
836 5142 898 5211 the
924 5142 1026 5210 Sixto
1051 5141 1165 5210 astour
1193 5144 1255 5210 the
1282 5154 1454 5230 conquest
1475 5143 1619 5230 xxxviii
1648 5161 1749 5212 come
1771 5153 1809 5210 to
1831 5140 1905 5209 fore
1927 5140 2059 5226 Pbilpp

1153 5276 1165 5307 ²
1185 5275 1197 5328 a
1213 5277 1325 5330 meo
1340 5278 1457 5332 onata
