5224 6596
858 838 956 931 obe
979 835 1118 928 little
1142 835 1240 927 Reb
1266 835 1396 928 Book
1421 833 1472 926 of
1502 835 1689 927 Dtihtol.
1957 842 2025 932 187

519 1053 762 1122 destinatorum
791 1052 830 1120 in
858 1053 936 1122 dies
965 1052 1234 1138 imperpetuum,
1262 1059 1376 1118 totum
1405 1049 1494 1116 illud
1531 1046 1753 1136 mesuagium
1781 1066 1900 1116 meum
1930 1046 2026 1132 quod
2155 1036 2162 1049 '

517 1189 668 1256 situemr
696 1187 734 1257 in
762 1187 932 1256 suburbio
967 1187 1152 1256 Bristollie
1187 1187 1225 1253 in
1261 1185 1639 1274 Baidewynnesstrete,
1676 1183 1770 1251 inter
1804 1181 2027 1270 mesuagium

516 1325 612 1414 quod
639 1323 707 1393 fuit
735 1325 872 1394 Thome
893 1323 1041 1392 Russell
1063 1344 1110 1392 ex
1131 1333 1233 1410 parte
1254 1342 1326 1390 vna
1346 1330 1384 1390 et
1404 1320 1627 1408 mesuagium
1650 1321 1745 1406 quod
1765 1317 1832 1387 fuit
1853 1317 2028 1403 Johannis

517 1463 562 1530 de
589 1461 696 1531 Visos
725 1481 771 1530 ex
800 1471 902 1548 parte
930 1462 1054 1541 altera,
1085 1470 1122 1528 et
1151 1459 1312 1528 extendit
1337 1479 1377 1527 se
1405 1479 1429 1526 a
1452 1457 1612 1546 predicto
1637 1455 1716 1525 vico
1737 1453 1894 1524 anterius
1916 1473 2028 1542 usque

517 1596 565 1664 ad
593 1597 772 1684 quandam
801 1606 932 1664 terram
967 1596 1142 1681 Iohannis
1174 1595 1387 1685 Fraunceys,
1417 1593 1578 1676 senioris,
1606 1593 1794 1680 posterius,
1821 1612 1903 1661 cum
1938 1591 2027 1662 ortis

518 1743 555 1800 et
583 1732 705 1800 vacuis
733 1733 865 1819 plateis
893 1743 985 1802 terre
1014 1743 1051 1800 et
1080 1734 1235 1821 quadam
1264 1734 1400 1822 schopa
1428 1753 1509 1802 cum
1538 1735 1638 1802 exitu
1666 1753 1789 1802 versus
1817 1733 1934 1800 vicum
1964 1731 2027 1820 qui

516 1878 664 1938 vocatur
690 1867 1175 1958 Seyntessteuynnesmersch
1200 1880 1339 1940 etcum
1362 1870 1528 1938 omnihus
1553 1871 1627 1939 suis
1649 1869 1886 1958 pertinenciis
1930 1867 2027 1936 Dedi

515 2008 623 2077 etiam
664 2019 701 2077 et
740 2009 900 2078 concessi
939 2009 1073 2080 medem
1113 2009 1228 2078 Priori
1267 2020 1305 2078 ot
1344 2009 1514 2078 fratribus
1548 2009 1794 2076 Kalendarum
1830 2003 2027 2094 capellanis

514 2145 753 2233 predictisque
780 2145 935 2214 dominis
971 2146 1154 2216 Willelmo
1186 2157 1224 2214 et
1258 2147 1406 2229 1h0me,
1435 2147 1642 2234 capellanis,
1671 2155 1858 2214 eteorum
1887 2161 2026 2210 succes·

515 2281 655 2350 sonibus
679 2282 887 2368 capelianis,
913 2292 1028 2352 totum
1054 2285 1143 2352 illud
1173 2285 1271 2352 aliud
1293 2284 1517 2372 mesuagium
1546 2301 1664 2352 meum
1689 2302 1770 2350 cum
1798 2279 2027 2370 pertinenciis

516 2419 555 2486 in
591 2417 742 2486 marisco
779 2417 905 2486 Sancti
941 2416 1119 2506 Stephani
1155 2422 1251 2509 quod
1287 2421 1452 2489 dominus
1488 2419 1671 2488 walterus
1707 2419 1886 2505 quondam
1911 2425 2027 2486 rector

517 2553 611 2621 dicte
638 2553 787 2622 ecclesie
816 2552 941 2622 Sancti
970 2554 1145 2642 Stephani
1176 2558 1222 2625 de
1252 2577 1309 2625 me
1339 2558 1463 2626 tenuit.
1523 2555 1617 2624 Dedi
1645 2555 1769 2638 eciarm
1799 2555 1956 2624 concessi
1989 2564 2026 2622 et

517 2687 700 2776 assignaui
721 2689 890 2775 predictis
910 2689 1026 2758 Priori
1046 2704 1084 2761 et
1104 2693 1273 2763 fratribus
1291 2695 1542 2762 Kalendarum
1563 2695 1768 2781 capellanis,
1788 2693 2026 2780 predictisqne

515 2827 669 2896 dominis
696 2827 880 2896 willelmo
907 2839 945 2896 et
973 2829 1110 2898 Thnme
1138 2841 1174 2898 et
1204 2831 1464 2899 successorihus
1494 2830 1569 2898 suis
1595 2831 1801 2918 capellanis,
1826 2830 1959 2920 viginti
1989 2839 2026 2898 et

513 2985 579 3034 sex
618 2966 790 3034 solidatas
815 2977 851 3034 ot
880 2977 962 3034 octo
990 2966 1180 3035 deneratas
1209 2967 1319 3034 annui
1348 2967 1506 3034 redditus
1536 2967 1677 3055 argenti
1713 2987 1804 3054 quas
1840 2967 2023 3055 percipere

515 3101 682 3172 consueui
718 3105 764 3170 de
796 3102 859 3170 illa
896 3104 1061 3192 angulari
1091 3105 1225 3189 schopa
1253 3123 1360 3190 quam
1389 3103 1592 3172 willelmus
1621 3106 1656 3174 le
1684 3123 1808 3192 ropere
1841 3101 2025 3172 defunctus

514 3258 628 3326 nuper
672 3237 851 3308 edificanit
889 3260 995 3327 super
1040 3238 1184 3328 Kayam
1228 3239 1419 3309 Bristollie
1479 3239 1575 3308 Dedi
1618 3241 1743 3322 eciam
1787 3241 1946 3310 concessi
1988 3250 2026 3308 et

516 3375 699 3464 assignaui
724 3374 893 3462 predictis
919 3375 1034 3445 Priori
1055 3385 1092 3444 et
1112 3375 1280 3444 iratribus
1301 3376 1551 3445 Kalandarum
1573 3378 1769 3464 capellanis
1789 3378 2026 3468 predictisque

516 3509 670 3579 dominis
698 3511 882 3580 Wdlelmo
911 3521 948 3578 et
976 3510 1113 3580 Th0me
1135 3523 1174 3578 et
1202 3512 1464 3579 successorihus
1493 3513 1578 3596 suis,
1606 3511 1811 3599 noetianis.
1837 3513 2024 3582 tresdecim

515 3647 686 3715 solidatas
719 3661 757 3715 et
792 3656 944 3733 quatuor
979 3649 1170 3716 deneratas
1206 3649 1316 3715 annui
1351 3649 1511 3716 redditus
1548 3648 1688 3736 argenti
1718 3667 1809 3734 quas
1843 3648 2026 3738 percipere

514 3785 682 3852 consueui
698 3786 757 3852 'de
783 3784 922 3851 Thoma
949 3783 1124 3854 'l'hebaud
1152 3805 1217 3872 pro
1246 3787 1385 3852 duabus
1415 3785 1577 3871 partibus
1606 3784 1702 3852 illius
1729 3785 1905 3872 mesuagh
1927 3785 2023 3871 quod

511 3921 606 3990 idem
648 3920 805 3989 Thomas
847 3919 1020 3988 Diebaud
1064 3929 1162 3988 tenet
1205 3921 1251 3988 ad
1287 3919 1478 3987 terminum
1514 3919 1588 3987 vite
1627 3939 1690 3986 sue
1728 3938 1835 4006 super
1877 3919 2022 4008 Kayam

512 4057 704 4140 Bristollie,
750 4059 856 4145 juxte
895 4057 1121 4146 mesuagium
1157 4056 1309 4126 Walteri
1357 4057 1392 4124 le
1444 4055 1573 4138 white,
1621 4075 1774 4124 unacum
1820 4057 2023 4126 reuersione

512 4195 748 4282 pmdictarum
777 4195 925 4262 duarum
954 4195 1113 4281 parcium
1144 4215 1225 4262 cum
1254 4195 1429 4263 accederit
1458 4213 1522 4280 per
1551 4201 1700 4260 mortem
1726 4193 1838 4280 ipsius
1874 4193 2020 4276 Thome,

511 4337 551 4394 vt
577 4329 735 4414 predicte
762 4329 832 4398 due
860 4339 980 4416 partes
1008 4331 1096 4398 dicti
1125 4333 1299 4422 mesuagii
1327 4333 1496 4419 predictis
1526 4331 1639 4399 Priori
1666 4342 1708 4414 et
1739 4330 1908 4402 fratribus
1943 4332 2019 4402 suis

511 4463 759 4534 Kalandanim
789 4467 994 4553 capellanis,
1031 4467 1206 4555 dictisque
1240 4469 1396 4539 dominis
1433 4469 1616 4538 willelmo
1645 4479 1681 4538 et
1709 4468 1846 4538 Thone
1873 4481 1911 4538 et
1946 4470 2021 4539 suis

510 4603 772 4671 successoribus
800 4603 996 4689 capellanis
1024 4616 1231 4674 remaneant
1266 4605 1535 4694 imperpetuum.
1581 4606 1760 4675 Habenda
1788 4616 1824 4674 et
1854 4607 2019 4689 tenende,

508 4739 736 4826 percipienda
766 4750 803 4808 et
839 4739 993 4808 leuando
1029 4740 1189 4829 predicta
1226 4743 1297 4810 duo
1326 4721 1528 4832 mesnagis
1560 4743 1736 4812 redditum
1772 4754 1809 4811 et
1839 4743 2018 4831 predictas

507 4876 598 4942 duas
631 4885 753 4962 partes
797 4876 947 4962 predicti
986 4877 1162 4967 mesuagii
1201 4880 1370 4966 predictis
1413 4879 1528 4947 Priori
1569 4892 1607 4948 et
1644 4879 1810 4949 iratribus
1854 4879 1929 4948 suis
1970 4881 2016 4948 de

508 5009 729 5080 fraternitate
779 5011 1029 5082 Kalandantm
1080 5017 1275 5104 capellanis
1329 5017 1501 5106 dictisque
1548 5019 1702 5087 dominis
1752 5018 1935 5087 thielmo
1980 5029 2017 5085 et

502 5147 645 5214 l'home
666 5161 703 5216 et
724 5152 984 5220 successorihus
1005 5152 1091 5237 suis,
1117 5155 1321 5240 capellanis,
1344 5155 1382 5222 in
1403 5155 1500 5223 dicta
1521 5154 1672 5224 ecclesia
1693 5153 1818 5224 Sancti
1842 5153 2017 5243 Stephani
