<?xml version="1.0" encoding="UTF-8"?>
<!DOCTYPE html PUBLIC "-//W3C//DTD XHTML 1.0 Transitional//EN"
    "http://www.w3.org/TR/xhtml1/DTD/xhtml1-transitional.dtd">
<html xmlns="http://www.w3.org/1999/xhtml" xml:lang="en" lang="en">
 <head>
  <title>
</title>
<meta http-equiv="Content-Type" content="text/html;charset=utf-8" />
  <meta name='ocr-system' content='tesseract 3.04.00' />
  <meta name='ocr-capabilities' content='ocr_page ocr_carea ocr_par ocr_line ocrx_word'/>
</head>
<body>
  <div class='ocr_page' id='page_1' title='image "./littleredbookbr02enggoog_0120.png"; bbox 0 0 5294 6592; ppageno 0'>
   <div class='ocr_carea' id='block_1_1' title="bbox 834 796 1997 891">
    <p class='ocr_par' dir='ltr' id='par_1_1' title="bbox 834 796 1997 891">
     <span class='ocr_line' id='line_1_1' title="bbox 834 796 1997 891; baseline -0.004 -3"><span class='ocrx_word' id='word_1_1' title='bbox 834 796 931 888; x_wconf 74' lang='lat' dir='ltr'><strong>ube</strong></span> <span class='ocrx_word' id='word_1_2' title='bbox 955 797 1094 888; x_wconf 73' lang='lat' dir='ltr'><strong>little</strong></span> <span class='ocrx_word' id='word_1_3' title='bbox 1118 797 1217 887; x_wconf 73' lang='lat' dir='ltr'><strong>ileo</strong></span> <span class='ocrx_word' id='word_1_4' title='bbox 1242 797 1370 888; x_wconf 56' lang='lat' dir='ltr'><strong>§ool</strong></span> <span class='ocrx_word' id='word_1_5' title='bbox 1396 799 1446 888; x_wconf 80' lang='lat' dir='ltr'><strong>ot</strong></span> <span class='ocrx_word' id='word_1_6' title='bbox 1476 799 1662 891; x_wconf 77' lang='lat' dir='ltr'><strong>titietol</strong></span> <span class='ocrx_word' id='word_1_7' title='bbox 1953 815 1997 884; x_wconf 77' lang='grc' dir='ltr'><strong>σι</strong></span> 
     </span>
    </p>
   </div>
   <div class='ocr_carea' id='block_1_2' title="bbox 480 1008 2022 3848">
    <p class='ocr_par' dir='ltr' id='par_1_2' title="bbox 480 1008 2022 3848">
     <span class='ocr_line' id='line_1_2' title="bbox 487 1008 2003 1102; baseline 0.007 -28"><span class='ocrx_word' id='word_1_8' title='bbox 487 1008 544 1076; x_wconf 89' lang='lat' dir='ltr'><strong>vel</strong></span> <span class='ocrx_word' id='word_1_9' title='bbox 567 1009 605 1075; x_wconf 92' lang='lat' dir='ltr'><strong>in</strong></span> <span class='ocrx_word' id='word_1_10' title='bbox 629 1009 701 1076; x_wconf 87' lang='lat' dir='ltr'><strong>alio</strong></span> <span class='ocrx_word' id='word_1_11' title='bbox 726 1011 805 1078; x_wconf 91' lang='lat' dir='ltr'><strong>loco</strong></span> <span class='ocrx_word' id='word_1_12' title='bbox 832 1023 909 1079; x_wconf 90' lang='lat' dir='ltr'><strong>tuto</strong></span> <span class='ocrx_word' id='word_1_13' title='bbox 933 1033 998 1098; x_wconf 89' lang='lat' dir='ltr'><strong>per</strong></span> <span class='ocrx_word' id='word_1_14' title='bbox 1014 1013 1196 1080; x_wconf 90' lang='lat' dir='ltr'><strong>dominum</strong></span> <span class='ocrx_word' id='word_1_15' title='bbox 1213 1012 1307 1078; x_wconf 86' lang='lat' dir='ltr'><strong>curie</strong></span> <span class='ocrx_word' id='word_1_16' title='bbox 1330 1014 1398 1078; x_wconf 87' lang='lat' dir='ltr'><strong>sub</strong></span> <span class='ocrx_word' id='word_1_17' title='bbox 1419 1012 1548 1100; x_wconf 79' lang='lat' dir='ltr'><strong>sigillis</strong></span> <span class='ocrx_word' id='word_1_18' title='bbox 1564 1014 1706 1082; x_wconf 89' lang='lat' dir='ltr'><strong>illorum</strong></span> <span class='ocrx_word' id='word_1_19' title='bbox 1721 1013 2003 1102; x_wconf 87' lang='lat' dir='ltr'><strong>appreciatorum</strong></span> 
     </span>
     <span class='ocr_line' id='line_1_3' title="bbox 483 1147 2005 1236; baseline 0.006 -24"><span class='ocrx_word' id='word_1_20' title='bbox 483 1155 656 1232; x_wconf 85' lang='lat' dir='ltr'><strong>quotquot</strong></span> <span class='ocrx_word' id='word_1_21' title='bbox 669 1147 800 1214; x_wconf 69' lang='lat' dir='ltr'><strong>inerint</strong></span> <span class='ocrx_word' id='word_1_22' title='bbox 809 1160 846 1216; x_wconf 89' lang='lat' dir='ltr'><strong>et</strong></span> <span class='ocrx_word' id='word_1_23' title='bbox 855 1151 1048 1218; x_wconf 83' lang='lat' dir='ltr'>liberentur</span> <span class='ocrx_word' id='word_1_24' title='bbox 1062 1151 1225 1218; x_wconf 83' lang='lat' dir='ltr'><strong>conuictu</strong></span> <span class='ocrx_word' id='word_1_25' title='bbox 1240 1169 1320 1216; x_wconf 87' lang='lat' dir='ltr'><strong>cum</strong></span> <span class='ocrx_word' id='word_1_26' title='bbox 1334 1149 1423 1216; x_wconf 91' lang='lat' dir='ltr'><strong>illud</strong></span> <span class='ocrx_word' id='word_1_27' title='bbox 1437 1150 1621 1236; x_wconf 80' lang='lat' dir='ltr'><strong>pecierint,</strong></span> <span class='ocrx_word' id='word_1_28' title='bbox 1644 1153 1746 1218; x_wconf 84' lang='lat' dir='ltr'><strong>saluo</strong></span> <span class='ocrx_word' id='word_1_29' title='bbox 1762 1151 1847 1219; x_wconf 88' lang='lat' dir='ltr'><strong>inde</strong></span> <span class='ocrx_word' id='word_1_30' title='bbox 1860 1152 2005 1221; x_wconf 87' lang='lat' dir='ltr'><strong>domino</strong></span> 
     </span>
     <span class='ocr_line' id='line_1_4' title="bbox 485 1287 2022 1377; baseline 0.001 -23"><span class='ocrx_word' id='word_1_31' title='bbox 485 1287 581 1354; x_wconf 86' lang='lat' dir='ltr'><strong>curie</strong></span> <span class='ocrx_word' id='word_1_32' title='bbox 594 1289 867 1360; x_wconf 87' lang='lat' dir='ltr'><strong>amerciamento</strong></span> <span class='ocrx_word' id='word_1_33' title='bbox 881 1310 946 1356; x_wconf 92' lang='lat' dir='ltr'><strong>suo</strong></span> <span class='ocrx_word' id='word_1_34' title='bbox 960 1300 997 1358; x_wconf 91' lang='lat' dir='ltr'><strong>et</strong></span> <span class='ocrx_word' id='word_1_35' title='bbox 1011 1289 1125 1358; x_wconf 86' lang='lat' dir='ltr'><strong>eciam</strong></span> <span class='ocrx_word' id='word_1_36' title='bbox 1140 1310 1204 1377; x_wconf 90' lang='lat' dir='ltr'><strong>pro</strong></span> <span class='ocrx_word' id='word_1_37' title='bbox 1219 1289 1429 1357; x_wconf 86' lang='lat' dir='ltr'><strong>racionabili</strong></span> <span class='ocrx_word' id='word_1_38' title='bbox 1448 1289 1614 1358; x_wconf 87' lang='lat' dir='ltr'><strong>custodia</strong></span> <span class='ocrx_word' id='word_1_39' title='bbox 1633 1289 1913 1357; x_wconf 85' lang='lat' dir='ltr'><strong>attachiamenti.</strong></span> <span class='ocrx_word' id='word_1_40' title='bbox 1957 1287 2022 1357; x_wconf 88' lang='lat' dir='ltr'><strong>Et&#39;</strong></span> 
     </span>
     <span class='ocr_line' id='line_1_5' title="bbox 486 1421 2004 1514; baseline 0.005 -26"><span class='ocrx_word' id='word_1_41' title='bbox 486 1422 517 1488; x_wconf 89' lang='lat' dir='ltr'><strong>si</strong></span> <span class='ocrx_word' id='word_1_42' title='bbox 537 1421 627 1492; x_wconf 90' lang='lat' dir='ltr'><strong>forte</strong></span> <span class='ocrx_word' id='word_1_43' title='bbox 649 1447 688 1494; x_wconf 83' lang='lat' dir='ltr'><strong>se</strong></span> <span class='ocrx_word' id='word_1_44' title='bbox 708 1425 976 1494; x_wconf 86' lang='lat' dir='ltr'><strong>iustificauerint</strong></span> <span class='ocrx_word' id='word_1_45' title='bbox 997 1447 1061 1514; x_wconf 90' lang='lat' dir='ltr'><strong>per</strong></span> <span class='ocrx_word' id='word_1_46' title='bbox 1081 1427 1221 1514; x_wconf 81' lang='lat' dir='ltr'><strong>plegios</strong></span> <span class='ocrx_word' id='word_1_47' title='bbox 1244 1437 1281 1494; x_wconf 90' lang='lat' dir='ltr'><strong>et</strong></span> <span class='ocrx_word' id='word_1_48' title='bbox 1303 1429 1528 1513; x_wconf 90' lang='lat' dir='ltr'><strong>postmodum</strong></span> <span class='ocrx_word' id='word_1_49' title='bbox 1555 1430 1592 1494; x_wconf 93' lang='lat' dir='ltr'><strong>in</strong></span> <span class='ocrx_word' id='word_1_50' title='bbox 1617 1427 1732 1494; x_wconf 88' lang='lat' dir='ltr'><strong>forma</strong></span> <span class='ocrx_word' id='word_1_51' title='bbox 1755 1427 1921 1514; x_wconf 89' lang='lat' dir='ltr'><strong>predicta</strong></span> <span class='ocrx_word' id='word_1_52' title='bbox 1946 1433 2004 1496; x_wconf 84' lang='lat' dir='ltr'><strong>vel</strong></span> 
     </span>
     <span class='ocr_line' id='line_1_6' title="bbox 486 1561 2005 1653; baseline 0.004 -25"><span class='ocrx_word' id='word_1_53' title='bbox 486 1561 589 1628; x_wconf 88' lang='lat' dir='ltr'><strong>aliter</strong></span> <span class='ocrx_word' id='word_1_54' title='bbox 603 1564 761 1650; x_wconf 80' lang='lat' dir='ltr'><strong>legitime</strong></span> <span class='ocrx_word' id='word_1_55' title='bbox 775 1567 1016 1646; x_wconf 88' lang='lat' dir='ltr'><strong>conuincatur,</strong></span> <span class='ocrx_word' id='word_1_56' title='bbox 1036 1575 1072 1634; x_wconf 87' lang='lat' dir='ltr'><strong>et</strong></span> <span class='ocrx_word' id='word_1_57' title='bbox 1093 1577 1220 1651; x_wconf 88' lang='lat' dir='ltr'><strong>postea</strong></span> <span class='ocrx_word' id='word_1_58' title='bbox 1240 1567 1406 1634; x_wconf 89' lang='lat' dir='ltr'><strong>inuentus</strong></span> <span class='ocrx_word' id='word_1_59' title='bbox 1427 1565 1533 1632; x_wconf 80' lang='lat' dir='ltr'><strong>fuerit</strong></span> <span class='ocrx_word' id='word_1_60' title='bbox 1556 1564 1789 1646; x_wconf 86' lang='lat' dir='ltr'><strong>insufficiens,</strong></span> <span class='ocrx_word' id='word_1_61' title='bbox 1813 1563 2005 1653; x_wconf 78' lang='lat' dir='ltr'><strong>diffirgiens</strong></span> 
     </span>
     <span class='ocr_line' id='line_1_7' title="bbox 486 1701 2004 1789; baseline 0.003 -24"><span class='ocrx_word' id='word_1_62' title='bbox 486 1720 549 1766; x_wconf 92' lang='lat' dir='ltr'><strong>seu</strong></span> <span class='ocrx_word' id='word_1_63' title='bbox 563 1701 737 1788; x_wconf 80' lang='lat' dir='ltr'><strong>elongans</strong></span> <span class='ocrx_word' id='word_1_64' title='bbox 750 1704 846 1768; x_wconf 86' lang='lat' dir='ltr'><strong>bona</strong></span> <span class='ocrx_word' id='word_1_65' title='bbox 860 1723 926 1769; x_wconf 87' lang='lat' dir='ltr'><strong>sua</strong></span> <span class='ocrx_word' id='word_1_66' title='bbox 939 1713 1024 1770; x_wconf 92' lang='lat' dir='ltr'><strong>tunc</strong></span> <span class='ocrx_word' id='word_1_67' title='bbox 1038 1703 1151 1789; x_wconf 80' lang='lat' dir='ltr'><strong>plegii</strong></span> <span class='ocrx_word' id='word_1_68' title='bbox 1170 1702 1226 1769; x_wconf 86' lang='lat' dir='ltr'><strong>sui</strong></span> <span class='ocrx_word' id='word_1_69' title='bbox 1247 1703 1495 1787; x_wconf 75' lang='lat' dir='ltr'><strong>respondeant.</strong></span> <span class='ocrx_word' id='word_1_70' title='bbox 1518 1711 1555 1769; x_wconf 88' lang='lat' dir='ltr'><strong>et</strong></span> <span class='ocrx_word' id='word_1_71' title='bbox 1568 1703 1709 1770; x_wconf 89' lang='lat' dir='ltr'><strong>leuetur</strong></span> <span class='ocrx_word' id='word_1_72' title='bbox 1725 1703 1772 1770; x_wconf 90' lang='lat' dir='ltr'><strong>de</strong></span> <span class='ocrx_word' id='word_1_73' title='bbox 1787 1702 1840 1770; x_wconf 87' lang='lat' dir='ltr'><strong>eis</strong></span> <span class='ocrx_word' id='word_1_74' title='bbox 1855 1702 1893 1770; x_wconf 95' lang='lat' dir='ltr'><strong>id</strong></span> <span class='ocrx_word' id='word_1_75' title='bbox 1907 1704 2004 1788; x_wconf 95' lang='lat' dir='ltr'><strong>quod</strong></span> 
     </span>
     <span class='ocr_line' id='line_1_8' title="bbox 485 1838 2004 1926; baseline 0.005 -24"><span class='ocrx_word' id='word_1_76' title='bbox 485 1849 728 1922; x_wconf 88' lang='lat' dir='ltr'><strong>recuperatum</strong></span> <span class='ocrx_word' id='word_1_77' title='bbox 751 1838 876 1919; x_wconf 87' lang='lat' dir='ltr'><strong>fuerat,</strong></span> <span class='ocrx_word' id='word_1_78' title='bbox 899 1859 1052 1907; x_wconf 82' lang='lat' dir='ltr'><strong>unacum</strong></span> <span class='ocrx_word' id='word_1_79' title='bbox 1075 1838 1349 1906; x_wconf 87' lang='lat' dir='ltr'><strong>amerciamento</strong></span> <span class='ocrx_word' id='word_1_80' title='bbox 1371 1838 1509 1906; x_wconf 91' lang='lat' dir='ltr'><strong>domini</strong></span> <span class='ocrx_word' id='word_1_81' title='bbox 1530 1841 1625 1926; x_wconf 93' lang='lat' dir='ltr'><strong>quod</strong></span> <span class='ocrx_word' id='word_1_82' title='bbox 1647 1839 1831 1926; x_wconf 84' lang='lat' dir='ltr'><strong>adipsum</strong></span> <span class='ocrx_word' id='word_1_83' title='bbox 1849 1841 2004 1926; x_wconf 78' lang='lat' dir='ltr'><strong>pertinet</strong></span> 
     </span>
     <span class='ocr_line' id='line_1_9' title="bbox 485 1974 2003 2066; baseline 0.004 -26"><span class='ocrx_word' id='word_1_84' title='bbox 485 1991 549 2057; x_wconf 85' lang='lat' dir='ltr'><strong>pro</strong></span> <span class='ocrx_word' id='word_1_85' title='bbox 564 1975 662 2040; x_wconf 87' lang='lat' dir='ltr'><strong>curia</strong></span> <span class='ocrx_word' id='word_1_86' title='bbox 674 1995 750 2042; x_wconf 86' lang='lat' dir='ltr'><strong>sua</strong></span> <span class='ocrx_word' id='word_1_87' title='bbox 795 1974 860 2043; x_wconf 89' lang='lat' dir='ltr'><strong>Set</strong></span> <span class='ocrx_word' id='word_1_88' title='bbox 875 1977 905 2042; x_wconf 85' lang='lat' dir='ltr'><strong>si</strong></span> <span class='ocrx_word' id='word_1_89' title='bbox 919 1977 1124 2045; x_wconf 86' lang='lat' dir='ltr'><strong>huiusmodi</strong></span> <span class='ocrx_word' id='word_1_90' title='bbox 1144 1977 1330 2044; x_wconf 86' lang='lat' dir='ltr'><strong>attachiati</strong></span> <span class='ocrx_word' id='word_1_91' title='bbox 1352 1997 1417 2063; x_wconf 90' lang='lat' dir='ltr'><strong>per</strong></span> <span class='ocrx_word' id='word_1_92' title='bbox 1438 1978 1537 2044; x_wconf 86' lang='lat' dir='ltr'><strong>bona</strong></span> <span class='ocrx_word' id='word_1_93' title='bbox 1556 1985 1594 2044; x_wconf 92' lang='lat' dir='ltr'><strong>et</strong></span> <span class='ocrx_word' id='word_1_94' title='bbox 1614 1977 1748 2043; x_wconf 85' lang='lat' dir='ltr'><strong>catalla</strong></span> <span class='ocrx_word' id='word_1_95' title='bbox 1762 1997 1828 2066; x_wconf 88' lang='lat' dir='ltr'><strong>sua</strong></span> <span class='ocrx_word' id='word_1_96' title='bbox 1842 1997 1916 2045; x_wconf 93' lang='lat' dir='ltr'><strong>non</strong></span> <span class='ocrx_word' id='word_1_97' title='bbox 1930 1979 2003 2046; x_wconf 90' lang='lat' dir='ltr'><strong>sint</strong></span> 
     </span>
     <span class='ocr_line' id='line_1_10' title="bbox 484 2112 2003 2200; baseline 0.003 -22"><span class='ocrx_word' id='word_1_98' title='bbox 484 2121 666 2196; x_wconf 75' lang='lat' dir='ltr'><strong>presentes</strong></span> <span class='ocrx_word' id='word_1_99' title='bbox 688 2114 727 2179; x_wconf 92' lang='lat' dir='ltr'><strong>in</strong></span> <span class='ocrx_word' id='word_1_100' title='bbox 747 2113 948 2180; x_wconf 88' lang='lat' dir='ltr'><strong>huiusmodi</strong></span> <span class='ocrx_word' id='word_1_101' title='bbox 973 2113 1262 2180; x_wconf 85' lang='lat' dir='ltr'><strong>attachiamentis</strong></span> <span class='ocrx_word' id='word_1_102' title='bbox 1288 2112 1393 2180; x_wconf 88' lang='lat' dir='ltr'><strong>factis</strong></span> <span class='ocrx_word' id='word_1_103' title='bbox 1419 2115 1483 2182; x_wconf 88' lang='lat' dir='ltr'><strong>sed</strong></span> <span class='ocrx_word' id='word_1_104' title='bbox 1509 2113 1545 2180; x_wconf 94' lang='lat' dir='ltr'><strong>in</strong></span> <span class='ocrx_word' id='word_1_105' title='bbox 1570 2114 1715 2180; x_wconf 86' lang='lat' dir='ltr'><strong>remotis</strong></span> <span class='ocrx_word' id='word_1_106' title='bbox 1744 2115 1906 2200; x_wconf 86' lang='lat' dir='ltr'><strong>partibus</strong></span> <span class='ocrx_word' id='word_1_107' title='bbox 1939 2135 2003 2182; x_wconf 90' lang='lat' dir='ltr'><strong>seu</strong></span> 
     </span>
     <span class='ocr_line' id='line_1_11' title="bbox 484 2249 2002 2337; baseline 0.003 -23"><span class='ocrx_word' id='word_1_108' title='bbox 484 2249 574 2316; x_wconf 87' lang='lat' dir='ltr'><strong>forte</strong></span> <span class='ocrx_word' id='word_1_109' title='bbox 586 2257 689 2315; x_wconf 83' lang='lat' dir='ltr'><strong>extra</strong></span> <span class='ocrx_word' id='word_1_110' title='bbox 702 2269 851 2336; x_wconf 80' lang='lat' dir='ltr'><strong>regnum</strong></span> <span class='ocrx_word' id='word_1_111' title='bbox 867 2260 903 2317; x_wconf 92' lang='lat' dir='ltr'><strong>et</strong></span> <span class='ocrx_word' id='word_1_112' title='bbox 917 2251 1005 2318; x_wconf 87' lang='lat' dir='ltr'><strong>forte</strong></span> <span class='ocrx_word' id='word_1_113' title='bbox 1021 2251 1107 2318; x_wconf 83' lang='lat' dir='ltr'><strong>alibi</strong></span> <span class='ocrx_word' id='word_1_114' title='bbox 1123 2252 1174 2318; x_wconf 86' lang='lat' dir='ltr'><strong>ita</strong></span> <span class='ocrx_word' id='word_1_115' title='bbox 1188 2252 1284 2336; x_wconf 89' lang='lat' dir='ltr'><strong>quod</strong></span> <span class='ocrx_word' id='word_1_116' title='bbox 1298 2251 1351 2318; x_wconf 89' lang='lat' dir='ltr'><strong>eis</strong></span> <span class='ocrx_word' id='word_1_117' title='bbox 1366 2253 1468 2318; x_wconf 91' lang='lat' dir='ltr'><strong>nullo</strong></span> <span class='ocrx_word' id='word_1_118' title='bbox 1483 2252 1589 2318; x_wconf 89' lang='lat' dir='ltr'><strong>modo</strong></span> <span class='ocrx_word' id='word_1_119' title='bbox 1604 2261 1768 2318; x_wconf 80' lang='lat' dir='ltr'><strong>constare</strong></span> <span class='ocrx_word' id='word_1_120' title='bbox 1785 2271 1856 2318; x_wconf 90' lang='lat' dir='ltr'><strong>non</strong></span> <span class='ocrx_word' id='word_1_121' title='bbox 1871 2253 2002 2337; x_wconf 84' lang='lat' dir='ltr'><strong>poterit</strong></span> 
     </span>
     <span class='ocr_line' id='line_1_12' title="bbox 485 2386 2001 2474; baseline 0.003 -19"><span class='ocrx_word' id='word_1_122' title='bbox 485 2387 530 2455; x_wconf 92' lang='lat' dir='ltr'><strong>de</strong></span> <span class='ocrx_word' id='word_1_123' title='bbox 543 2386 744 2454; x_wconf 85' lang='lat' dir='ltr'><strong>huiusmodi</strong></span> <span class='ocrx_word' id='word_1_124' title='bbox 758 2389 900 2474; x_wconf 87' lang='lat' dir='ltr'><strong>placitis</strong></span> <span class='ocrx_word' id='word_1_125' title='bbox 914 2409 1036 2456; x_wconf 88' lang='lat' dir='ltr'><strong>versus</strong></span> <span class='ocrx_word' id='word_1_126' title='bbox 1051 2409 1113 2457; x_wconf 85' lang='lat' dir='ltr'><strong>eos</strong></span> <span class='ocrx_word' id='word_1_127' title='bbox 1133 2391 1240 2456; x_wconf 91' lang='lat' dir='ltr'><strong>motis</strong></span> <span class='ocrx_word' id='word_1_128' title='bbox 1260 2391 1318 2456; x_wconf 85' lang='lat' dir='ltr'><strong>vel</strong></span> <span class='ocrx_word' id='word_1_129' title='bbox 1341 2388 1532 2468; x_wconf 84' lang='lat' dir='ltr'><strong>suscitatis,</strong></span> <span class='ocrx_word' id='word_1_130' title='bbox 1547 2397 1585 2456; x_wconf 90' lang='lat' dir='ltr'><strong>et</strong></span> <span class='ocrx_word' id='word_1_131' title='bbox 1605 2389 1657 2456; x_wconf 84' lang='lat' dir='ltr'><strong>ita</strong></span> <span class='ocrx_word' id='word_1_132' title='bbox 1681 2389 1802 2456; x_wconf 87' lang='lat' dir='ltr'><strong>saltim</strong></span> <span class='ocrx_word' id='word_1_133' title='bbox 1824 2389 2001 2459; x_wconf 86' lang='lat' dir='ltr'><strong>distantes</strong></span> 
     </span>
     <span class='ocr_line' id='line_1_13' title="bbox 485 2526 1999 2612; baseline 0.003 -22"><span class='ocrx_word' id='word_1_134' title='bbox 485 2526 581 2611; x_wconf 90' lang='lat' dir='ltr'><strong>quod</strong></span> <span class='ocrx_word' id='word_1_135' title='bbox 595 2528 787 2593; x_wconf 87' lang='lat' dir='ltr'><strong>secundum</strong></span> <span class='ocrx_word' id='word_1_136' title='bbox 803 2527 1070 2594; x_wconf 88' lang='lat' dir='ltr'><strong>adiornaciones</strong></span> <span class='ocrx_word' id='word_1_137' title='bbox 1085 2528 1123 2594; x_wconf 93' lang='lat' dir='ltr'><strong>in</strong></span> <span class='ocrx_word' id='word_1_138' title='bbox 1138 2527 1217 2594; x_wconf 87' lang='lat' dir='ltr'><strong>istis</strong></span> <span class='ocrx_word' id='word_1_139' title='bbox 1237 2527 1378 2612; x_wconf 76' lang='lat' dir='ltr'><strong>legibus</strong></span> <span class='ocrx_word' id='word_1_140' title='bbox 1399 2527 1550 2596; x_wconf 83' lang='lat' dir='ltr'><strong>usitatas</strong></span> <span class='ocrx_word' id='word_1_141' title='bbox 1571 2527 1694 2594; x_wconf 87' lang='lat' dir='ltr'><strong>venire</strong></span> <span class='ocrx_word' id='word_1_142' title='bbox 1716 2547 1779 2594; x_wconf 89' lang='lat' dir='ltr'><strong>seu</strong></span> <span class='ocrx_word' id='word_1_143' title='bbox 1801 2535 1999 2594; x_wconf 85' lang='lat' dir='ltr'><strong>attornatos</strong></span> 
     </span>
     <span class='ocr_line' id='line_1_14' title="bbox 484 2663 2000 2751; baseline 0 -23"><span class='ocrx_word' id='word_1_144' title='bbox 484 2663 599 2730; x_wconf 85' lang='lat' dir='ltr'><strong>facere</strong></span> <span class='ocrx_word' id='word_1_145' title='bbox 613 2683 685 2730; x_wconf 91' lang='lat' dir='ltr'><strong>non</strong></span> <span class='ocrx_word' id='word_1_146' title='bbox 698 2675 848 2748; x_wconf 85' lang='lat' dir='ltr'><strong>possunt</strong></span> <span class='ocrx_word' id='word_1_147' title='bbox 867 2664 905 2729; x_wconf 90' lang='lat' dir='ltr'><strong>in</strong></span> <span class='ocrx_word' id='word_1_148' title='bbox 920 2665 972 2730; x_wconf 84' lang='lat' dir='ltr'><strong>ita</strong></span> <span class='ocrx_word' id='word_1_149' title='bbox 985 2665 1085 2732; x_wconf 89' lang='lat' dir='ltr'><strong>breui</strong></span> <span class='ocrx_word' id='word_1_150' title='bbox 1103 2665 1191 2751; x_wconf 92' lang='lat' dir='ltr'><strong>quin</strong></span> <span class='ocrx_word' id='word_1_151' title='bbox 1211 2664 1313 2750; x_wconf 88' lang='lat' dir='ltr'><strong>ipsos</strong></span> <span class='ocrx_word' id='word_1_152' title='bbox 1335 2666 1434 2731; x_wconf 88' lang='lat' dir='ltr'><strong>bona</strong></span> <span class='ocrx_word' id='word_1_153' title='bbox 1454 2683 1520 2730; x_wconf 87' lang='lat' dir='ltr'><strong>sua</strong></span> <span class='ocrx_word' id='word_1_154' title='bbox 1542 2663 1594 2732; x_wconf 87' lang='lat' dir='ltr'><strong>sic</strong></span> <span class='ocrx_word' id='word_1_155' title='bbox 1615 2663 1811 2730; x_wconf 85' lang='lat' dir='ltr'><strong>attachiata</strong></span> <span class='ocrx_word' id='word_1_156' title='bbox 1831 2681 1895 2747; x_wconf 88' lang='lat' dir='ltr'><strong>per</strong></span> <span class='ocrx_word' id='word_1_157' title='bbox 1916 2681 2000 2729; x_wconf 84' lang='lat' dir='ltr'><strong>suas</strong></span> 
     </span>
     <span class='ocr_line' id='line_1_15' title="bbox 483 2799 2000 2888; baseline 0 -23"><span class='ocrx_word' id='word_1_158' title='bbox 483 2799 634 2866; x_wconf 79' lang='lat' dir='ltr'><strong>defaltas</strong></span> <span class='ocrx_word' id='word_1_159' title='bbox 647 2801 731 2868; x_wconf 88' lang='lat' dir='ltr'><strong>licet</strong></span> <span class='ocrx_word' id='word_1_160' title='bbox 745 2803 790 2868; x_wconf 90' lang='lat' dir='ltr'><strong>de</strong></span> <span class='ocrx_word' id='word_1_161' title='bbox 804 2803 937 2868; x_wconf 88' lang='lat' dir='ltr'><strong>eisdem</strong></span> <span class='ocrx_word' id='word_1_162' title='bbox 954 2801 1094 2868; x_wconf 77' lang='lat' dir='ltr'><strong>defaltis</strong></span> <span class='ocrx_word' id='word_1_163' title='bbox 1115 2803 1226 2868; x_wconf 88' lang='lat' dir='ltr'><strong>nichil</strong></span> <span class='ocrx_word' id='word_1_164' title='bbox 1248 2803 1364 2868; x_wconf 85' lang='lat' dir='ltr'><strong>sciant</strong></span> <span class='ocrx_word' id='word_1_165' title='bbox 1387 2802 1540 2888; x_wconf 89' lang='lat' dir='ltr'><strong>perdere</strong></span> <span class='ocrx_word' id='word_1_166' title='bbox 1555 2809 1742 2887; x_wconf 77' lang='lat' dir='ltr'><strong>oporteant</strong></span> <span class='ocrx_word' id='word_1_167' title='bbox 1757 2809 1947 2885; x_wconf 80' lang='lat' dir='ltr'><strong>antequam</strong></span> <span class='ocrx_word' id='word_1_168' title='bbox 1962 2799 2000 2865; x_wconf 93' lang='lat' dir='ltr'><strong>in</strong></span> 
     </span>
     <span class='ocr_line' id='line_1_16' title="bbox 483 2933 2000 3022; baseline 0.001 -23"><span class='ocrx_word' id='word_1_169' title='bbox 483 2933 580 3000; x_wconf 88' lang='lat' dir='ltr'><strong>curia</strong></span> <span class='ocrx_word' id='word_1_170' title='bbox 595 2933 658 3000; x_wconf 88' lang='lat' dir='ltr'><strong>illa</strong></span> <span class='ocrx_word' id='word_1_171' title='bbox 678 2935 799 3001; x_wconf 83' lang='lat' dir='ltr'><strong>venire</strong></span> <span class='ocrx_word' id='word_1_172' title='bbox 820 2937 994 3020; x_wconf 88' lang='lat' dir='ltr'><strong>poterint;</strong></span> <span class='ocrx_word' id='word_1_173' title='bbox 1025 2936 1120 3022; x_wconf 92' lang='lat' dir='ltr'><strong>quod</strong></span> <span class='ocrx_word' id='word_1_174' title='bbox 1141 2935 1323 3002; x_wconf 89' lang='lat' dir='ltr'><strong>euidenter</strong></span> <span class='ocrx_word' id='word_1_175' title='bbox 1345 2945 1494 3022; x_wconf 86' lang='lat' dir='ltr'><strong>apparet</strong></span> <span class='ocrx_word' id='word_1_176' title='bbox 1508 2954 1586 3004; x_wconf 87' lang='lat' dir='ltr'><strong>esse</strong></span> <span class='ocrx_word' id='word_1_177' title='bbox 1601 2933 1855 3002; x_wconf 88' lang='lat' dir='ltr'><strong>inconueniens</strong></span> <span class='ocrx_word' id='word_1_178' title='bbox 1869 2953 1915 3001; x_wconf 83' lang='lat' dir='ltr'><strong>ex</strong></span> <span class='ocrx_word' id='word_1_179' title='bbox 1928 2952 2000 3021; x_wconf 91' lang='lat' dir='ltr'><strong>quo</strong></span> 
     </span>
     <span class='ocr_line' id='line_1_17' title="bbox 481 3071 1998 3159; baseline -0.003 -20"><span class='ocrx_word' id='word_1_180' title='bbox 481 3072 534 3139; x_wconf 92' lang='lat' dir='ltr'><strong>hii</strong></span> <span class='ocrx_word' id='word_1_181' title='bbox 561 3081 645 3139; x_wconf 87' lang='lat' dir='ltr'><strong>sunt</strong></span> <span class='ocrx_word' id='word_1_182' title='bbox 672 3073 840 3140; x_wconf 90' lang='lat' dir='ltr'><strong>sumoniti</strong></span> <span class='ocrx_word' id='word_1_183' title='bbox 870 3073 1055 3140; x_wconf 86' lang='lat' dir='ltr'><strong>attachiati</strong></span> <span class='ocrx_word' id='word_1_184' title='bbox 1084 3093 1150 3140; x_wconf 91' lang='lat' dir='ltr'><strong>nec</strong></span> <span class='ocrx_word' id='word_1_185' title='bbox 1179 3075 1250 3141; x_wconf 90' lang='lat' dir='ltr'><strong>alio</strong></span> <span class='ocrx_word' id='word_1_186' title='bbox 1280 3073 1385 3140; x_wconf 90' lang='lat' dir='ltr'><strong>modo</strong></span> <span class='ocrx_word' id='word_1_187' title='bbox 1419 3073 1614 3140; x_wconf 87' lang='lat' dir='ltr'><strong>secundum</strong></span> <span class='ocrx_word' id='word_1_188' title='bbox 1654 3073 1772 3159; x_wconf 75' lang='lat' dir='ltr'><strong>legem</strong></span> <span class='ocrx_word' id='word_1_189' title='bbox 1811 3082 1903 3139; x_wconf 89' lang='lat' dir='ltr'><strong>terre</strong></span> <span class='ocrx_word' id='word_1_190' title='bbox 1939 3071 1998 3138; x_wconf 86' lang='lat' dir='ltr'><strong>vel</strong></span> 
     </span>
     <span class='ocr_line' id='line_1_18' title="bbox 482 3209 1995 3300; baseline -0.003 -22"><span class='ocrx_word' id='word_1_191' title='bbox 482 3211 674 3278; x_wconf 84' lang='lat' dir='ltr'><strong>secundum</strong></span> <span class='ocrx_word' id='word_1_192' title='bbox 699 3211 816 3298; x_wconf 81' lang='lat' dir='ltr'><strong>legem</strong></span> <span class='ocrx_word' id='word_1_193' title='bbox 841 3212 1085 3279; x_wconf 80' lang='lat' dir='ltr'><strong>mercatoriam</strong></span> <span class='ocrx_word' id='word_1_194' title='bbox 1112 3212 1251 3280; x_wconf 85' lang='lat' dir='ltr'><strong>adhoc</strong></span> <span class='ocrx_word' id='word_1_195' title='bbox 1276 3211 1436 3300; x_wconf 72' lang='lat' dir='ltr'><strong>legitime</strong></span> <span class='ocrx_word' id='word_1_196' title='bbox 1461 3211 1653 3298; x_wconf 85' lang='lat' dir='ltr'><strong>premuniti</strong></span> <span class='ocrx_word' id='word_1_197' title='bbox 1684 3209 1754 3276; x_wconf 90' lang='lat' dir='ltr'><strong>nisi</strong></span> <span class='ocrx_word' id='word_1_198' title='bbox 1783 3211 1899 3276; x_wconf 87' lang='lat' dir='ltr'><strong>solum</strong></span> <span class='ocrx_word' id='word_1_199' title='bbox 1929 3227 1995 3293; x_wconf 87' lang='lat' dir='ltr'><strong>per</strong></span> 
     </span>
     <span class='ocr_line' id='line_1_19' title="bbox 482 3344 1993 3434; baseline -0.003 -20"><span class='ocrx_word' id='word_1_200' title='bbox 482 3348 684 3418; x_wconf 84' lang='lat' dir='ltr'><strong>huiusmodi</strong></span> <span class='ocrx_word' id='word_1_201' title='bbox 699 3349 977 3416; x_wconf 85' lang='lat' dir='ltr'><strong>attachiamenta</strong></span> <span class='ocrx_word' id='word_1_202' title='bbox 992 3350 1038 3416; x_wconf 92' lang='lat' dir='ltr'><strong>de</strong></span> <span class='ocrx_word' id='word_1_203' title='bbox 1059 3350 1163 3416; x_wconf 92' lang='lat' dir='ltr'><strong>bonis</strong></span> <span class='ocrx_word' id='word_1_204' title='bbox 1185 3350 1269 3416; x_wconf 85' lang='lat' dir='ltr'><strong>suis.</strong></span> <span class='ocrx_word' id='word_1_205' title='bbox 1314 3349 1375 3415; x_wconf 87' lang='lat' dir='ltr'><strong>Ad</strong></span> <span class='ocrx_word' id='word_1_206' title='bbox 1396 3350 1492 3434; x_wconf 92' lang='lat' dir='ltr'><strong>quod</strong></span> <span class='ocrx_word' id='word_1_207' title='bbox 1513 3347 1765 3414; x_wconf 87' lang='lat' dir='ltr'><strong>conuenienter</strong></span> <span class='ocrx_word' id='word_1_208' title='bbox 1787 3344 1993 3431; x_wconf 87' lang='lat' dir='ltr'><strong>responderi</strong></span> 
     </span>
     <span class='ocr_line' id='line_1_20' title="bbox 482 3487 1996 3576; baseline 0 -24"><span class='ocrx_word' id='word_1_209' title='bbox 482 3495 602 3571; x_wconf 87' lang='lat' dir='ltr'><strong>potest</strong></span> <span class='ocrx_word' id='word_1_210' title='bbox 626 3488 721 3572; x_wconf 93' lang='lat' dir='ltr'><strong>quod</strong></span> <span class='ocrx_word' id='word_1_211' title='bbox 749 3487 841 3554; x_wconf 88' lang='lat' dir='ltr'><strong>sicut</strong></span> <span class='ocrx_word' id='word_1_212' title='bbox 866 3509 913 3556; x_wconf 84' lang='lat' dir='ltr'><strong>ex</strong></span> <span class='ocrx_word' id='word_1_213' title='bbox 941 3499 1043 3574; x_wconf 84' lang='lat' dir='ltr'><strong>parte</strong></span> <span class='ocrx_word' id='word_1_214' title='bbox 1074 3490 1271 3556; x_wconf 84' lang='lat' dir='ltr'><strong>communis</strong></span> <span class='ocrx_word' id='word_1_215' title='bbox 1293 3490 1385 3576; x_wconf 81' lang='lat' dir='ltr'><strong>legis</strong></span> <span class='ocrx_word' id='word_1_216' title='bbox 1415 3490 1626 3575; x_wconf 85' lang='lat' dir='ltr'><strong>supponitur</strong></span> <span class='ocrx_word' id='word_1_217' title='bbox 1653 3488 1748 3574; x_wconf 91' lang='lat' dir='ltr'><strong>quod</strong></span> <span class='ocrx_word' id='word_1_218' title='bbox 1773 3487 1864 3554; x_wconf 88' lang='lat' dir='ltr'><strong>liber</strong></span> <span class='ocrx_word' id='word_1_219' title='bbox 1888 3487 1996 3553; x_wconf 89' lang='lat' dir='ltr'><strong>homo</strong></span> 
     </span>
     <span class='ocr_line' id='line_1_21' title="bbox 480 3624 1997 3693; baseline -0.002 -2"><span class='ocrx_word' id='word_1_220' title='bbox 480 3626 601 3692; x_wconf 86' lang='lat' dir='ltr'><strong>venire</strong></span> <span class='ocrx_word' id='word_1_221' title='bbox 613 3625 720 3691; x_wconf 89' lang='lat' dir='ltr'><strong>debet</strong></span> <span class='ocrx_word' id='word_1_222' title='bbox 733 3624 778 3692; x_wconf 93' lang='lat' dir='ltr'><strong>de</strong></span> <span class='ocrx_word' id='word_1_223' title='bbox 792 3625 895 3692; x_wconf 86' lang='lat' dir='ltr'><strong>terris</strong></span> <span class='ocrx_word' id='word_1_224' title='bbox 909 3634 945 3690; x_wconf 91' lang='lat' dir='ltr'><strong>et</strong></span> <span class='ocrx_word' id='word_1_225' title='bbox 959 3625 1080 3692; x_wconf 87' lang='lat' dir='ltr'><strong>liberis</strong></span> <span class='ocrx_word' id='word_1_226' title='bbox 1095 3627 1311 3693; x_wconf 81' lang='lat' dir='ltr'><strong>tenementis</strong></span> <span class='ocrx_word' id='word_1_227' title='bbox 1325 3625 1403 3693; x_wconf 89' lang='lat' dir='ltr'><strong>suis</strong></span> <span class='ocrx_word' id='word_1_228' title='bbox 1419 3625 1459 3691; x_wconf 93' lang='lat' dir='ltr'><strong>in</strong></span> <span class='ocrx_word' id='word_1_229' title='bbox 1474 3625 1600 3693; x_wconf 88' lang='lat' dir='ltr'><strong>eadem</strong></span> <span class='ocrx_word' id='word_1_230' title='bbox 1615 3633 1727 3692; x_wconf 81' lang='lat' dir='ltr'><strong>terres</strong></span> <span class='ocrx_word' id='word_1_231' title='bbox 1741 3633 1778 3690; x_wconf 89' lang='lat' dir='ltr'><strong>et</strong></span> <span class='ocrx_word' id='word_1_232' title='bbox 1792 3630 1997 3689; x_wconf 76' lang='lat' dir='ltr'><strong>tenemento</strong></span> 
     </span>
     <span class='ocr_line' id='line_1_22' title="bbox 480 3757 1997 3848; baseline -0.001 -20"><span class='ocrx_word' id='word_1_233' title='bbox 480 3781 546 3828; x_wconf 89' lang='lat' dir='ltr'><strong>sua</strong></span> <span class='ocrx_word' id='word_1_234' title='bbox 567 3760 763 3842; x_wconf 86' lang='lat' dir='ltr'><strong>defendere,</strong></span> <span class='ocrx_word' id='word_1_235' title='bbox 786 3759 818 3828; x_wconf 92' lang='lat' dir='ltr'><strong>si</strong></span> <span class='ocrx_word' id='word_1_236' title='bbox 832 3761 912 3846; x_wconf 92' lang='lat' dir='ltr'><strong>quis</strong></span> <span class='ocrx_word' id='word_1_237' title='bbox 925 3781 1048 3828; x_wconf 86' lang='lat' dir='ltr'><strong>versus</strong></span> <span class='ocrx_word' id='word_1_238' title='bbox 1062 3783 1143 3829; x_wconf 90' lang='lat' dir='ltr'><strong>eum</strong></span> <span class='ocrx_word' id='word_1_239' title='bbox 1157 3761 1282 3829; x_wconf 87' lang='lat' dir='ltr'><strong>eadem</strong></span> <span class='ocrx_word' id='word_1_240' title='bbox 1297 3762 1464 3848; x_wconf 78' lang='lat' dir='ltr'><strong>pecierat,</strong></span> <span class='ocrx_word' id='word_1_241' title='bbox 1480 3769 1517 3828; x_wconf 84' lang='lat' dir='ltr'><strong>et</strong></span> <span class='ocrx_word' id='word_1_242' title='bbox 1530 3781 1577 3828; x_wconf 85' lang='lat' dir='ltr'><strong>ea</strong></span> <span class='ocrx_word' id='word_1_243' title='bbox 1593 3759 1830 3828; x_wconf 85' lang='lat' dir='ltr'><strong>disraoionare</strong></span> <span class='ocrx_word' id='word_1_244' title='bbox 1845 3757 1997 3826; x_wconf 83' lang='lat' dir='ltr'><strong>voluerit</strong></span> 
     </span>
    </p>
   </div>
   <div class='ocr_carea' id='block_1_3' title="bbox 480 3895 1996 4122">
    <p class='ocr_par' dir='ltr' id='par_1_3' title="bbox 480 3895 1996 4122">
     <span class='ocr_line' id='line_1_23' title="bbox 480 3895 1996 3986; baseline 0 -22"><span class='ocrx_word' id='word_1_245' title='bbox 480 3918 544 3984; x_wconf 89' lang='lat' dir='ltr'><strong>per</strong></span> <span class='ocrx_word' id='word_1_246' title='bbox 557 3918 778 3965; x_wconf 88' lang='lat' dir='ltr'><strong>communem</strong></span> <span class='ocrx_word' id='word_1_247' title='bbox 793 3898 910 3984; x_wconf 77' lang='lat' dir='ltr'><strong>legem</strong></span> <span class='ocrx_word' id='word_1_248' title='bbox 925 3908 962 3965; x_wconf 89' lang='lat' dir='ltr'><strong>et</strong></span> <span class='ocrx_word' id='word_1_249' title='bbox 978 3899 1271 3966; x_wconf 84' lang='lat' dir='ltr'><strong>consuetudinem</strong></span> <span class='ocrx_word' id='word_1_250' title='bbox 1293 3899 1408 3986; x_wconf 83' lang='lat' dir='ltr'><strong>regni,</strong></span> <span class='ocrx_word' id='word_1_251' title='bbox 1432 3897 1491 3966; x_wconf 88' lang='lat' dir='ltr'><strong>Ita</strong></span> <span class='ocrx_word' id='word_1_252' title='bbox 1506 3917 1553 3966; x_wconf 83' lang='lat' dir='ltr'><strong>ex</strong></span> <span class='ocrx_word' id='word_1_253' title='bbox 1567 3909 1669 3984; x_wconf 86' lang='lat' dir='ltr'><strong>parte</strong></span> <span class='ocrx_word' id='word_1_254' title='bbox 1682 3897 1774 3986; x_wconf 75' lang='lat' dir='ltr'><strong>legis</strong></span> <span class='ocrx_word' id='word_1_255' title='bbox 1788 3895 1996 3965; x_wconf 82' lang='lat' dir='ltr'><strong>mercatorie</strong></span> 
     </span>
     <span class='ocr_line' id='line_1_24' title="bbox 482 4031 1994 4122; baseline -0.001 -20"><span class='ocrx_word' id='word_1_256' title='bbox 482 4036 636 4122; x_wconf 86' lang='lat' dir='ltr'><strong>supponi</strong></span> <span class='ocrx_word' id='word_1_257' title='bbox 659 4036 767 4102; x_wconf 91' lang='lat' dir='ltr'><strong>debet</strong></span> <span class='ocrx_word' id='word_1_258' title='bbox 791 4038 886 4122; x_wconf 93' lang='lat' dir='ltr'><strong>quod</strong></span> <span class='ocrx_word' id='word_1_259' title='bbox 911 4045 1085 4103; x_wconf 89' lang='lat' dir='ltr'><strong>mercator</strong></span> <span class='ocrx_word' id='word_1_260' title='bbox 1109 4037 1199 4102; x_wconf 83' lang='lat' dir='ltr'><strong>uiuit</strong></span> <span class='ocrx_word' id='word_1_261' title='bbox 1225 4046 1261 4102; x_wconf 88' lang='lat' dir='ltr'><strong>et</strong></span> <span class='ocrx_word' id='word_1_262' title='bbox 1287 4036 1407 4104; x_wconf 84' lang='lat' dir='ltr'><strong>viuere</strong></span> <span class='ocrx_word' id='word_1_263' title='bbox 1429 4036 1535 4104; x_wconf 87' lang='lat' dir='ltr'><strong>debet</strong></span> <span class='ocrx_word' id='word_1_264' title='bbox 1556 4035 1601 4102; x_wconf 89' lang='lat' dir='ltr'><strong>de</strong></span> <span class='ocrx_word' id='word_1_265' title='bbox 1626 4035 1732 4101; x_wconf 89' lang='lat' dir='ltr'><strong>bonis</strong></span> <span class='ocrx_word' id='word_1_266' title='bbox 1752 4031 1943 4100; x_wconf 86' lang='lat' dir='ltr'><strong>mobilibus</strong></span> <span class='ocrx_word' id='word_1_267' title='bbox 1957 4041 1994 4100; x_wconf 85' lang='lat' dir='ltr'><strong>et</strong></span> 
     </span>
    </p>
   </div>
   <div class='ocr_carea' id='block_1_4' title="bbox 475 4167 1994 5221">
    <p class='ocr_par' dir='ltr' id='par_1_4' title="bbox 475 4167 1994 5221">
     <span class='ocr_line' id='line_1_25' title="bbox 482 4167 1993 4256; baseline -0.002 -17"><span class='ocrx_word' id='word_1_268' title='bbox 482 4171 712 4240; x_wconf 85' lang='lat' dir='ltr'><strong>mercandisis</strong></span> <span class='ocrx_word' id='word_1_269' title='bbox 731 4173 806 4240; x_wconf 86' lang='lat' dir='ltr'><strong>suis</strong></span> <span class='ocrx_word' id='word_1_270' title='bbox 826 4181 863 4239; x_wconf 91' lang='lat' dir='ltr'><strong>et</strong></span> <span class='ocrx_word' id='word_1_271' title='bbox 884 4175 1010 4240; x_wconf 84' lang='lat' dir='ltr'><strong>eadem</strong></span> <span class='ocrx_word' id='word_1_272' title='bbox 1031 4173 1272 4242; x_wconf 83' lang='lat' dir='ltr'><strong>mercandisas</strong></span> <span class='ocrx_word' id='word_1_273' title='bbox 1296 4184 1333 4240; x_wconf 90' lang='lat' dir='ltr'><strong>et</strong></span> <span class='ocrx_word' id='word_1_274' title='bbox 1355 4173 1452 4240; x_wconf 88' lang='lat' dir='ltr'><strong>bona</strong></span> <span class='ocrx_word' id='word_1_275' title='bbox 1473 4191 1538 4240; x_wconf 85' lang='lat' dir='ltr'><strong>sua</strong></span> <span class='ocrx_word' id='word_1_276' title='bbox 1561 4170 1727 4256; x_wconf 85' lang='lat' dir='ltr'><strong>prosequi</strong></span> <span class='ocrx_word' id='word_1_277' title='bbox 1748 4177 1785 4236; x_wconf 92' lang='lat' dir='ltr'><strong>et</strong></span> <span class='ocrx_word' id='word_1_278' title='bbox 1805 4167 1993 4236; x_wconf 86' lang='lat' dir='ltr'><strong>defendero</strong></span> 
     </span>
     <span class='ocr_line' id='line_1_26' title="bbox 481 4308 1991 4395; baseline -0.003 -19"><span class='ocrx_word' id='word_1_279' title='bbox 481 4319 631 4389; x_wconf 87' lang='lat' dir='ltr'><strong>tenetur,</strong></span> <span class='ocrx_word' id='word_1_280' title='bbox 648 4308 679 4376; x_wconf 89' lang='lat' dir='ltr'><strong>si</strong></span> <span class='ocrx_word' id='word_1_281' title='bbox 694 4310 774 4395; x_wconf 88' lang='lat' dir='ltr'><strong>quis</strong></span> <span class='ocrx_word' id='word_1_282' title='bbox 788 4329 910 4376; x_wconf 85' lang='lat' dir='ltr'><strong>versus</strong></span> <span class='ocrx_word' id='word_1_283' title='bbox 923 4331 1005 4378; x_wconf 90' lang='lat' dir='ltr'><strong>eum</strong></span> <span class='ocrx_word' id='word_1_284' title='bbox 1020 4331 1063 4376; x_wconf 90' lang='lat' dir='ltr'><strong>ea</strong></span> <span class='ocrx_word' id='word_1_285' title='bbox 1082 4311 1321 4379; x_wconf 88' lang='lat' dir='ltr'><strong>disracionare</strong></span> <span class='ocrx_word' id='word_1_286' title='bbox 1341 4310 1492 4378; x_wconf 88' lang='lat' dir='ltr'><strong>voluerit</strong></span> <span class='ocrx_word' id='word_1_287' title='bbox 1513 4308 1705 4377; x_wconf 87' lang='lat' dir='ltr'><strong>secundum</strong></span> <span class='ocrx_word' id='word_1_288' title='bbox 1727 4308 1843 4394; x_wconf 78' lang='lat' dir='ltr'><strong>legem</strong></span> <span class='ocrx_word' id='word_1_289' title='bbox 1858 4325 1991 4372; x_wconf 87' lang='lat' dir='ltr'><strong>merca-</strong></span> 
     </span>
     <span class='ocr_line' id='line_1_27' title="bbox 485 4441 1994 4530; baseline -0.004 -18"><span class='ocrx_word' id='word_1_290' title='bbox 485 4445 623 4512; x_wconf 84' lang='lat' dir='ltr'><strong>toriam.</strong></span> <span class='ocrx_word' id='word_1_291' title='bbox 668 4443 733 4512; x_wconf 92' lang='lat' dir='ltr'><strong>Set</strong></span> <span class='ocrx_word' id='word_1_292' title='bbox 753 4447 860 4513; x_wconf 89' lang='lat' dir='ltr'><strong>modo</strong></span> <span class='ocrx_word' id='word_1_293' title='bbox 881 4455 937 4512; x_wconf 89' lang='lat' dir='ltr'><strong>est</strong></span> <span class='ocrx_word' id='word_1_294' title='bbox 958 4447 1010 4512; x_wconf 88' lang='lat' dir='ltr'><strong>ita</strong></span> <span class='ocrx_word' id='word_1_295' title='bbox 1031 4447 1126 4530; x_wconf 92' lang='lat' dir='ltr'><strong>quod</strong></span> <span class='ocrx_word' id='word_1_296' title='bbox 1147 4455 1243 4512; x_wconf 87' lang='lat' dir='ltr'><strong>terra</strong></span> <span class='ocrx_word' id='word_1_297' title='bbox 1263 4447 1320 4513; x_wconf 86' lang='lat' dir='ltr'><strong>vei</strong></span> <span class='ocrx_word' id='word_1_298' title='bbox 1338 4447 1490 4513; x_wconf 88' lang='lat' dir='ltr'><strong>liberum</strong></span> <span class='ocrx_word' id='word_1_299' title='bbox 1504 4453 1744 4511; x_wconf 89' lang='lat' dir='ltr'><strong>tenementum</strong></span> <span class='ocrx_word' id='word_1_300' title='bbox 1758 4441 1916 4528; x_wconf 88' lang='lat' dir='ltr'><strong>perditur</strong></span> <span class='ocrx_word' id='word_1_301' title='bbox 1929 4459 1994 4526; x_wconf 87' lang='lat' dir='ltr'><strong>per</strong></span> 
     </span>
     <span class='ocr_line' id='line_1_28' title="bbox 483 4577 1994 4670; baseline -0.004 -20"><span class='ocrx_word' id='word_1_302' title='bbox 483 4583 650 4651; x_wconf 89' lang='lat' dir='ltr'><strong>iudicium</strong></span> <span class='ocrx_word' id='word_1_303' title='bbox 668 4584 715 4650; x_wconf 87' lang='lat' dir='ltr'><strong>ad</strong></span> <span class='ocrx_word' id='word_1_304' title='bbox 737 4585 853 4670; x_wconf 81' lang='lat' dir='ltr'><strong>legem</strong></span> <span class='ocrx_word' id='word_1_305' title='bbox 876 4603 1097 4650; x_wconf 87' lang='lat' dir='ltr'><strong>communem</strong></span> <span class='ocrx_word' id='word_1_306' title='bbox 1119 4602 1184 4669; x_wconf 84' lang='lat' dir='ltr'><strong>per</strong></span> <span class='ocrx_word' id='word_1_307' title='bbox 1208 4582 1378 4651; x_wconf 85' lang='lat' dir='ltr'><strong>defaltam</strong></span> <span class='ocrx_word' id='word_1_308' title='bbox 1401 4591 1484 4667; x_wconf 85' lang='lat' dir='ltr'><strong>post</strong></span> <span class='ocrx_word' id='word_1_309' title='bbox 1510 4579 1688 4659; x_wconf 79' lang='lat' dir='ltr'><strong>defaltum,</strong></span> <span class='ocrx_word' id='word_1_310' title='bbox 1712 4589 1750 4646; x_wconf 92' lang='lat' dir='ltr'><strong>et</strong></span> <span class='ocrx_word' id='word_1_311' title='bbox 1774 4579 1812 4645; x_wconf 91' lang='lat' dir='ltr'><strong>in</strong></span> <span class='ocrx_word' id='word_1_312' title='bbox 1834 4577 1994 4666; x_wconf 87' lang='lat' dir='ltr'><strong>predicto</strong></span> 
     </span>
     <span class='ocr_line' id='line_1_29' title="bbox 478 4715 1993 4807; baseline -0.002 -21"><span class='ocrx_word' id='word_1_313' title='bbox 478 4740 645 4807; x_wconf 86' lang='lat' dir='ltr'><strong>processu</strong></span> <span class='ocrx_word' id='word_1_314' title='bbox 659 4729 698 4785; x_wconf 88' lang='lat' dir='ltr'><strong>vt</strong></span> <span class='ocrx_word' id='word_1_315' title='bbox 711 4720 907 4805; x_wconf 89' lang='lat' dir='ltr'><strong>predictum</strong></span> <span class='ocrx_word' id='word_1_316' title='bbox 922 4729 977 4787; x_wconf 88' lang='lat' dir='ltr'><strong>est</strong></span> <span class='ocrx_word' id='word_1_317' title='bbox 991 4721 1103 4787; x_wconf 91' lang='lat' dir='ltr'><strong>multo</strong></span> <span class='ocrx_word' id='word_1_318' title='bbox 1118 4721 1244 4788; x_wconf 81' lang='lat' dir='ltr'><strong>nicius</strong></span> <span class='ocrx_word' id='word_1_319' title='bbox 1259 4719 1378 4807; x_wconf 78' lang='lat' dir='ltr'><strong>agitur</strong></span> <span class='ocrx_word' id='word_1_320' title='bbox 1389 4720 1485 4786; x_wconf 90' lang='lat' dir='ltr'><strong>inter</strong></span> <span class='ocrx_word' id='word_1_321' title='bbox 1496 4727 1708 4785; x_wconf 90' lang='lat' dir='ltr'><strong>mercatores</strong></span> <span class='ocrx_word' id='word_1_322' title='bbox 1719 4717 1804 4802; x_wconf 89' lang='lat' dir='ltr'><strong>quia</strong></span> <span class='ocrx_word' id='word_1_323' title='bbox 1814 4715 1993 4784; x_wconf 90' lang='lat' dir='ltr'><strong>districcio</strong></span> 
     </span>
     <span class='ocr_line' id='line_1_30' title="bbox 476 4851 1985 4944; baseline -0.004 -20"><span class='ocrx_word' id='word_1_324' title='bbox 476 4857 702 4924; x_wconf 87' lang='lat' dir='ltr'><strong>continuatur</strong></span> <span class='ocrx_word' id='word_1_325' title='bbox 715 4856 753 4922; x_wconf 91' lang='lat' dir='ltr'><strong>in</strong></span> <span class='ocrx_word' id='word_1_326' title='bbox 767 4857 837 4923; x_wconf 88' lang='lat' dir='ltr'><strong>ista</strong></span> <span class='ocrx_word' id='word_1_327' title='bbox 851 4859 931 4943; x_wconf 79' lang='lat' dir='ltr'><strong>lege</strong></span> <span class='ocrx_word' id='word_1_328' title='bbox 946 4857 1156 4924; x_wconf 88' lang='lat' dir='ltr'><strong>mercatoria</strong></span> <span class='ocrx_word' id='word_1_329' title='bbox 1165 4867 1270 4944; x_wconf 88' lang='lat' dir='ltr'><strong>prout</strong></span> <span class='ocrx_word' id='word_1_330' title='bbox 1282 4857 1319 4924; x_wconf 94' lang='lat' dir='ltr'><strong>in</strong></span> <span class='ocrx_word' id='word_1_331' title='bbox 1331 4855 1511 4922; x_wconf 87' lang='lat' dir='ltr'><strong>communi</strong></span> <span class='ocrx_word' id='word_1_332' title='bbox 1525 4855 1607 4941; x_wconf 78' lang='lat' dir='ltr'><strong>lege</strong></span> <span class='ocrx_word' id='word_1_333' title='bbox 1621 4852 1790 4941; x_wconf 88' lang='lat' dir='ltr'><strong>quamdiu</strong></span> <span class='ocrx_word' id='word_1_334' title='bbox 1804 4851 1985 4919; x_wconf 85' lang='lat' dir='ltr'><strong>districcio</strong></span> 
     </span>
     <span class='ocr_line' id='line_1_31' title="bbox 475 4989 1987 5080; baseline -0.005 -19"><span class='ocrx_word' id='word_1_335' title='bbox 475 4996 627 5062; x_wconf 85' lang='lat' dir='ltr'><strong>inueniri</strong></span> <span class='ocrx_word' id='word_1_336' title='bbox 656 5005 783 5080; x_wconf 87' lang='lat' dir='ltr'><strong>potest,</strong></span> <span class='ocrx_word' id='word_1_337' title='bbox 814 5003 849 5059; x_wconf 92' lang='lat' dir='ltr'><strong>et</strong></span> <span class='ocrx_word' id='word_1_338' title='bbox 878 5014 958 5060; x_wconf 91' lang='lat' dir='ltr'><strong>cum</strong></span> <span class='ocrx_word' id='word_1_339' title='bbox 987 4993 1165 5060; x_wconf 86' lang='lat' dir='ltr'><strong>districcio</strong></span> <span class='ocrx_word' id='word_1_340' title='bbox 1189 5003 1229 5061; x_wconf 78' lang='lat' dir='ltr'><strong>vt</strong></span> <span class='ocrx_word' id='word_1_341' title='bbox 1251 4993 1448 5080; x_wconf 86' lang='lat' dir='ltr'><strong>predictum</strong></span> <span class='ocrx_word' id='word_1_342' title='bbox 1473 5001 1529 5058; x_wconf 89' lang='lat' dir='ltr'><strong>est</strong></span> <span class='ocrx_word' id='word_1_343' title='bbox 1556 4990 1703 5058; x_wconf 83' lang='lat' dir='ltr'><strong>ulterius</strong></span> <span class='ocrx_word' id='word_1_344' title='bbox 1727 4989 1885 5056; x_wconf 90' lang='lat' dir='ltr'><strong>inueniri</strong></span> <span class='ocrx_word' id='word_1_345' title='bbox 1914 5009 1987 5055; x_wconf 91' lang='lat' dir='ltr'><strong>non</strong></span> 
     </span>
     <span class='ocr_line' id='line_1_32' title="bbox 475 5128 1986 5221; baseline -0.004 -20"><span class='ocrx_word' id='word_1_346' title='bbox 475 5133 606 5221; x_wconf 88' lang='lat' dir='ltr'><strong>poterit</strong></span> <span class='ocrx_word' id='word_1_347' title='bbox 619 5145 749 5201; x_wconf 85' lang='lat' dir='ltr'><strong>extunc</strong></span> <span class='ocrx_word' id='word_1_348' title='bbox 764 5133 879 5200; x_wconf 84' lang='lat' dir='ltr'><strong>adhuc</strong></span> <span class='ocrx_word' id='word_1_349' title='bbox 892 5131 1040 5200; x_wconf 87' lang='lat' dir='ltr'><strong>habebit</strong></span> <span class='ocrx_word' id='word_1_350' title='bbox 1053 5132 1143 5200; x_wconf 88' lang='lat' dir='ltr'><strong>duas</strong></span> <span class='ocrx_word' id='word_1_351' title='bbox 1162 5133 1278 5200; x_wconf 74' lang='lat' dir='ltr'><strong>uarias</strong></span> <span class='ocrx_word' id='word_1_352' title='bbox 1293 5135 1340 5200; x_wconf 83' lang='lat' dir='ltr'><strong>ad</strong></span> <span class='ocrx_word' id='word_1_353' title='bbox 1353 5151 1444 5219; x_wconf 84' lang='lat' dir='ltr'><strong>quas</strong></span> <span class='ocrx_word' id='word_1_354' title='bbox 1462 5131 1568 5198; x_wconf 87' lang='lat' dir='ltr'><strong>debet</strong></span> <span class='ocrx_word' id='word_1_355' title='bbox 1586 5128 1792 5197; x_wconf 86' lang='lat' dir='ltr'><strong>demandari</strong></span> <span class='ocrx_word' id='word_1_356' title='bbox 1815 5129 1868 5194; x_wconf 89' lang='lat' dir='ltr'><strong>ita</strong></span> <span class='ocrx_word' id='word_1_357' title='bbox 1890 5129 1986 5214; x_wconf 89' lang='lat' dir='ltr'><strong>quod</strong></span> 
     </span>
    </p>
   </div>
   <div class='ocr_carea' id='block_1_5' title="bbox 0 0 2652 6592">
    <p class='ocr_par' dir='ltr' id='par_1_5' title="bbox 0 0 2652 6592">
     <span class='ocr_line' id='line_1_33' title="bbox 0 0 2652 6592; baseline 0 6"><span class='ocrx_word' id='word_1_358' title='bbox 0 0 2652 6592; x_wconf 95' lang='lat' dir='ltr'><strong> </strong></span> 
     </span>
    </p>
   </div>
  </div>
 </body>
</html>
