5224 6596
853 845 950 940 ube
973 845 1112 938 little
1135 842 1235 934 Rtb
1259 841 1388 933 licuit
1412 842 1463 932 oi
1492 842 1678 938 ttrtstm
1948 871 2012 942 171

513 1059 631 1146 sigillo
660 1058 804 1128 maioris
833 1059 990 1146 ejusdem
1019 1061 1104 1128 ville
1132 1069 1188 1126 est
1216 1075 1424 1144 appensum.
1482 1057 1617 1126 Damm
1647 1058 1742 1144 apud
1770 1059 2017 1128 westmonas-

513 1195 640 1264 terium
667 1195 836 1264 vicesimo
864 1197 924 1265 die
951 1195 1175 1278 Novembris,
1204 1214 1299 1262 anno
1327 1195 1431 1282 regni
1459 1194 1741 1266 memendissimi
1769 1194 1907 1262 domini
1948 1195 2017 1262 mei

515 1331 632 1419 Regis
673 1331 811 1402 decimo
851 1330 983 1426 [1408].
1041 1333 1118 1404 Nos
1162 1344 1280 1402 autem
1315 1332 1541 1400 indenturam
1584 1332 1780 1418 predictam
1823 1341 1861 1398 et
1899 1333 2020 1400 omnia

515 1479 682 1537 contenta
722 1468 759 1536 in
797 1471 922 1539 eadem
960 1481 1040 1538 rata
1067 1470 1242 1538 habentes
1269 1481 1306 1538 et
1334 1479 1438 1556 grata
1466 1487 1511 1536 ea
1538 1488 1604 1555 pro
1633 1468 1737 1536 nobis
1766 1479 1802 1535 et
1830 1469 2020 1536 heredibus

514 1603 645 1672 nostris
686 1615 858 1693 quanmm
896 1605 934 1672 in
962 1607 1067 1674 nobis
1109 1617 1166 1674 est
1204 1615 1440 1692 acceptamus,
1484 1606 1734 1692 approbamus,
1780 1616 1817 1673 et
1872 1603 2018 1690 pretatis

514 1739 640 1808 maiori
674 1751 711 1808 et
749 1743 995 1810 communitati
1032 1753 1068 1812 et
1108 1744 1368 1812 successoribus
1408 1741 1482 1808 suis
1516 1752 1638 1810 tenore
1675 1741 1895 1828 presencium
1933 1762 2018 1808 con·

513 1877 670 1946 cedimus
698 1886 735 1946 et
763 1878 1012 1949 confirmamus
1040 1891 1145 1968 prout
1173 1882 1362 1950 indentura
1389 1881 1549 1966 predicta
1569 1881 1833 1950 racionabiliter
1855 1891 2017 1952 testatur.

514 2014 558 2082 In
586 2015 687 2084 cuius
715 2018 768 2085 rei
808 2018 1051 2088 testimonium
1090 2021 1158 2089 bas
1194 2019 1333 2087 litteras
1370 2027 1512 2087 nostras
1551 2015 1628 2085 lieri
1660 2017 1807 2086 fecimus
1843 2029 2019 2106 patentes.

512 2151 618 2222 Teste
646 2173 704 2221 me
732 2155 812 2242 ipso
836 2156 932 2242 apud
961 2155 1317 2226 westmonasterium
1342 2165 1468 2224 octavo
1496 2153 1554 2221 die
1578 2153 1770 2236 Febmaril,
1797 2176 1893 2223 anno
1918 2157 2020 2246 negni

515 2289 627 2356 nostri
655 2290 793 2358 decimo
823 2287 955 2384 [r4oo].
1028 2293 1100 2360 Pto
1128 2303 1269 2362 centum
1299 2293 1422 2360 solidis
1451 2291 1578 2359 solutis
1606 2291 1644 2359 in
1683 2292 1888 2378 hanaperio.

645 2426 826 2498 Followed
852 2430 905 2518 by
933 2431 994 2498 the
1021 2431 1118 2498 bond
1147 2431 1237 2499 from
1266 2433 1328 2498 tbe
1356 2429 1485 2516 Mayor
1513 2429 1584 2497 and
1615 2428 1864 2518 Commonalty
1892 2430 1934 2499 oi
1956 2432 2018 2498 tbe

517 2572 612 2632 town
640 2564 695 2632 for
721 2565 785 2633 the
812 2566 882 2634 due
909 2569 1125 2636 observance
1152 2565 1191 2635 oi
1217 2566 1279 2632 the
1310 2565 1424 2632 above
1435 2589 1489 2628 :-

645 2701 724 2770 Hec
742 2703 929 2772 indentura
951 2703 1046 2772 facta
1068 2704 1161 2772 inter
1183 2701 1363 2771 dominam
1385 2700 1586 2785 Jchannam
1606 2699 1676 2768 Dei
1695 2700 1818 2788 gracia
1837 2701 2018 2789 Reginam

512 2837 647 2925 Augila
661 2859 707 2906 ex
720 2858 793 2906 una
806 2849 908 2926 parte
921 2851 958 2909 et
970 2839 1170 2925 Iohannem
1184 2839 1350 2928 Fyssher,
1365 2836 1538 2904 Maiorem
1551 2837 1636 2903 ville
1650 2837 1841 2917 Bristollie,
1855 2849 1893 2906 et
1915 2838 2020 2908 Com·

514 2973 722 3040 munitatem
747 2974 904 3042 eiusdem
930 2976 1015 3042 ville
1038 2994 1085 3042 ex
1110 2983 1213 3061 perte
1242 2975 1363 3055 altera,
1393 2983 1553 3055 testatur,
1583 2993 1663 3042 cum
1694 2975 1862 3068 predicta
1876 2977 2020 3043 domina

514 3107 660 3195 Regina
672 3129 737 3195 per
750 3109 841 3178 alias
855 3109 992 3178 litteras
1007 3131 1090 3178 suas
1105 3111 1308 3177 indentatas
1322 3109 1367 3178 de
1382 3111 1466 3177 dato
1481 3111 1526 3176 de
1540 3109 1709 3177 vicesimo
1724 3111 1783 3178 die
1798 3111 2019 3194 Novembris,

515 3265 610 3314 anno
626 3247 728 3335 regni
749 3248 846 3334 regis
868 3248 1016 3316 Henrici
1037 3249 1155 3335 quarti
1175 3258 1258 3336 post
1278 3257 1510 3332 conquestum
1532 3245 1670 3312 decimo
1692 3241 1811 3336 [1408]
1834 3249 2018 3328 concessit,

512 3392 549 3448 et
570 3382 617 3449 ad
631 3390 744 3449 totam
758 3384 870 3451 vitam
885 3404 987 3452 suam
1001 3385 1048 3452 ad
1062 3384 1200 3452 firmam
1216 3383 1351 3450 dimisit
1364 3381 1501 3469 prefato
1521 3380 1677 3466 Jobanni
1699 3381 1864 3469 Fyssher‚
1889 3383 2017 3450 Maiori

513 3517 598 3584 ville
632 3517 790 3603 predicte
833 3527 871 3585 et
910 3518 1164 3586 communitati
1200 3518 1357 3586 eiusdem
1394 3517 1479 3584 ville
1514 3526 1551 3582 et
1590 3535 1710 3582 eorum
1748 3519 2017 3600 successoribus,

513 3652 637 3718 villam
664 3651 821 3720 Bristcll.
851 3665 888 3721 et
917 3654 1087 3722 suburbia
1114 3655 1272 3722 eiusdem
1302 3673 1382 3720 cum
1412 3649 1576 3718 omnibus
1603 3651 1704 3718 terris
1730 3661 1767 3718 et
1796 3655 2017 3734 tenementis,

514 3789 721 3871 redditibus,
751 3790 959 3878 curtilagiis,
988 3791 1109 3872 celdis,
1137 3791 1244 3872 tostis,
1268 3789 1440 3878 gordinis,
1466 3788 1690 3868 molendinis,
1722 3789 1885 3856 scabellis
1913 3811 2019 3856 voca·

513 3923 561 3992 tis
600 3924 853 3994 fflesshomeles
896 3937 933 3995 et
972 3929 1054 3995 aliis
1097 3928 1272 4008 scabellis,
1317 3929 1465 4014 stagnis,
1509 3936 1597 4014 tyna
1640 3924 1768 4008 castri,
1812 3926 2019 4010 redditibus,

515 4063 728 4149 langabulis,
770 4066 970 4147 theoloniis,
1015 4067 1167 4154 placitis,
1212 4065 1540 4154 perquisicionibus,
1581 4062 1850 4144 reversionibus,
1891 4060 2018 4143 Curiis,

513 4193 610 4264 feriis
639 4199 684 4265 de
712 4201 887 4282 mercatis,
916 4201 1030 4270 feodis
1058 4214 1095 4273 et
1123 4205 1204 4272 aliis
1240 4203 1385 4278 iuribus,
1419 4201 1731 4269 consuetudinibus
1759 4213 1796 4268 et
1824 4200 2018 4268 comodita-

515 4333 611 4401 tibus
631 4335 679 4402 ad
700 4336 822 4402 villam
844 4337 1049 4423 predictam,
1072 4339 1242 4408 suburbia
1261 4349 1298 4407 et
1319 4339 1538 4425 procinctum
1561 4338 1717 4406 eiusdem
1740 4339 2018 4426 quibuscumque

514 4471 783 4555 pertinentibus,
804 4472 964 4559 exceptis
985 4474 1023 4542 in
1038 4474 1143 4543 dictis
1157 4475 1239 4542 aliis
1260 4475 1457 4544 indenturis
1478 4475 1648 4560 exceptis,
1670 4495 1821 4542 unacum
1843 4475 2017 4554 libertate,

512 4603 710 4694 privilegiis
757 4616 793 4674 et
832 4607 1041 4678 irancbesiis
1077 4611 1115 4678 in
1151 4610 1320 4699 predictis
1355 4610 1553 4678 indenturis
1589 4611 1776 4691 contentis,
1813 4621 1850 4678 et
1885 4611 2018 4678 eisdem

515 4739 646 4808 Maiori
664 4752 701 4809 et
724 4741 979 4813 communitati
1007 4758 1044 4814 et
1069 4767 1189 4815 eorum
1215 4748 1475 4816 successoribus
1499 4747 1688 4827 concessis,
1715 4757 1752 4816 et
1774 4767 1839 4834 per
1862 4757 2020 4814 metuen-

514 4875 699 4946 dissimum
725 4880 907 4948 dominum
930 4893 1090 4951 nostrum
1114 4883 1256 4974 Regem
1281 4883 1397 4952 eidem
1424 4883 1567 4950 domine
1592 4883 1735 4971 Regina
1761 4886 1807 4950 ad
1831 4883 2019 4952 terminum

514 5013 588 5080 vite
616 5034 680 5083 sue
708 5017 885 5087 concessis
913 5029 950 5088 et
978 5020 1172 5110 assignatis
1203 5030 1309 5108 prout
1343 5021 1381 5089 in
1400 5021 1488 5120 biis
1524 5019 1594 5110 (sic)
1631 5022 1835 5107 patentibus
1871 5023 2020 5109 predicti

514 5151 650 5219 domini
700 5153 817 5241 Regis
867 5155 982 5224 eidem
1034 5157 1177 5247 Regina
1226 5157 1331 5228 factis
1377 5158 1518 5244 plenius
1565 5158 1773 5241 continetur,
1821 5159 2019 5226 Reddendo
