5224 6596
574 681 1740 850 ρκ’ωωωωωω

570 980 728 1058 temporo
756 967 885 1036 fuerint
914 988 1021 1056 super
1048 967 1336 1048 denunciacione,
1365 968 1542 1038 eleccione
1569 981 1606 1039 et
1642 971 1938 1057 pronunciacione
1974 975 2079 1042 unius

570 1106 745 1193 capellani
789 1105 835 1170 ad
877 1104 1075 1172 faciendam
1127 1106 1258 1172 dictam
1303 1101 1528 1174 Centuriam·
1557 1126 1630 1174 non
1681 1108 1972 1177 concordauerint
2023 1121 2079 1180 set

571 1243 861 1323 discordauerint,
891 1241 949 1308 Ita
977 1242 1073 1327 quod
1101 1261 1192 1308 unus
1221 1243 1426 1328 capellanus
1455 1243 1685 1310 denuncietur
1713 1243 1843 1331 Majori
1875 1265 1940 1332 per
1970 1268 2078 1316 unam

570 1389 708 1467 partem
736 1389 773 1446 et
801 1379 893 1446 allus
922 1380 1128 1466 capellanus
1156 1378 1402 1446 denominetur
1430 1397 1494 1464 per
1521 1379 1629 1446 eliam
1658 1389 1807 1466 partem,
1837 1392 1968 1450 extunc
1996 1385 2079 1454 volo

571 1527 608 1584 et
636 1515 764 1582 ordino
793 1515 888 1600 quod
917 1516 1008 1582 bene
1034 1514 1141 1582 liceat
1176 1515 1306 1600 Majori
1342 1515 1403 1601 qui
1439 1535 1503 1601 pro
1541 1525 1700 1603 tempore
1735 1517 1840 1584 fuerit
1875 1531 2080 1605 presentare

571 1654 618 1719 ad
648 1653 778 1718 &mam
809 1651 1012 1720 Centuriam
1050 1661 1281 1738 occupantem
1310 1651 1411 1720 illum
1439 1653 1663 1739 capellanum
1691 1655 1754 1740 qui
1783 1655 1900 1742 magis
1920 1657 2079 1744 ydoneus

571 1789 676 1856 fuerit
705 1791 742 1855 in
772 1775 935 1856 moribus
957 1799 995 1856 et
1024 1789 1177 1856 sciencia
1202 1789 1307 1876 juxta
1335 1789 1587 1858 discrecionem
1617 1791 1729 1877 ipsius
1764 1793 1909 1879 majoris
1945 1794 1983 1862 in
2011 1795 2079 1862 hac

571 1936 672 2013 parte
696 1927 921 2012 judicandus.
966 1925 1014 1992 Et
1035 1926 1067 1992 si
1088 1925 1240 1992 vicarius
1261 1936 1298 1995 et
1319 1925 1483 1994 custodes
1508 1926 1603 1995 dicte
1630 1929 1778 1996 ecclesie
1802 1940 1839 1997 et
1860 1950 2079 2000 successores

573 2063 630 2132 sui
674 2084 780 2148 super
814 2061 992 2131 eleccione
1027 2076 1064 2130 et
1106 2063 1382 2146 denmrciacione
1418 2063 1523 2130 vuius
1558 2065 1734 2150 capellani
1774 2085 1839 2150 per
1881 2076 1962 2136 octo
2000 2068 2078 2136 dies

475 2235 482 2250 ·
573 2201 798 2288 negligentes
855 2199 985 2268 fuerint
1035 2210 1072 2267 et
1115 2202 1252 2268 nullum
1308 2203 1531 2287 capellanum
1590 2203 1637 2270 ad
1695 2202 1828 2271 dictam
1872 2203 2077 2274 cantariam
2199 2241 2205 2248 ·

573 2351 802 2430 occupantem
854 2339 984 2427 Majcri
1034 2341 1128 2407 dicte
1163 2341 1248 2407 ville
1290 2339 1581 2408 denunciauerint
1616 2360 1679 2408 seu
1715 2342 1986 2425 nominauerint,
2024 2353 2078 2412 set

572 2479 711 2547 remissi
740 2488 777 2546 et
806 2477 1031 2564 negligentes
1060 2476 1199 2558 iruerint,
1229 2487 1361 2544 extunc
1388 2478 1471 2545 volo
1498 2486 1536 2544 et
1565 2477 1689 2544 ordino
1716 2479 1811 2564 quod
1846 2481 1937 2548 bene
1973 2480 2079 2550 liceat

571 2615 701 2702 Majori
741 2615 834 2683 dicte
875 2614 960 2682 ville
997 2635 1105 2682 vnum
1145 2614 1368 2700 capellanum
1406 2617 1584 2702 ydoneum
1624 2617 1671 2684 ad
1712 2615 1844 2684 dictam
1875 2615 2079 2686 Centuriam

571 2761 802 2838 occupantem
830 2751 1018 2818 diocesano
1047 2760 1250 2837 presentare
1280 2753 1415 2838 absque
1442 2772 1620 2820 concensu
1657 2761 1694 2820 et
1726 2773 1875 2822 assensu
1906 2755 2079 2824 dictorum

570 2887 694 2954 vicarii
722 2894 759 2954 et
794 2886 979 2954 custodum
1018 2886 1079 2973 qui
1119 2905 1184 2971 pro
1222 2896 1379 2973 tempore
1415 2887 1556 2954 iruerint.
1613 2889 1662 2956 Et
1700 2907 1773 2957 non
1808 2890 1930 2958 licebit
1973 2891 2079 2958 alicui

571 3023 783 3108 capellano.
802 3025 848 3088 ad
884 3023 1014 3090 dictam
1053 3021 1257 3091 Cantariam
1293 3033 1524 3110 occupantem
1560 3045 1625 3112 per
1659 3026 1887 3094 diocesanum
1924 3029 2079 3096 admisso

571 3164 759 3230 absentare
789 3181 827 3228 se
856 3182 879 3229 a
907 3162 1102 3243 matutinis,
1133 3163 1252 3229 missis
1281 3172 1317 3229 et
1338 3163 1496 3249 vesperis
1518 3183 1584 3230 nec
1605 3172 1708 3230 extra
1728 3165 1850 3231 villam
1873 3175 2080 3250 pernoctare

571 3301 706 3385 absque
735 3318 843 3366 causa
871 3297 1033 3384 legitima
1062 3313 1097 3366 et
1126 3299 1334 3366 racionabili
1363 3299 1441 3368 sine
1470 3301 1619 3368 licencia
1648 3301 1772 3369 vicarii
1804 3303 1899 3370 dicte
1934 3305 2082 3372 ecclesie

571 3433 696 3504 Sancti
734 3433 910 3516 Nicholai,
946 3435 977 3502 si
1006 3455 1151 3521 presens
1180 3435 1295 3517 fuerit,
1325 3437 1384 3504 uel
1420 3435 1571 3523 alicujus
1608 3439 1766 3506 custodis
1803 3441 1898 3506 dicte
1933 3441 2082 3510 ecclesie

570 3572 602 3640 si
630 3572 783 3642 vlcarius
812 3575 942 3640 absens
970 3571 1085 3640 fuerit.
1130 3573 1178 3640 Et
1206 3573 1324 3641 dictus
1353 3574 1519 3641 dominus
1547 3574 1667 3642 David
1696 3584 1733 3642 et
1769 3594 1988 3644 successores
2024 3579 2080 3644 sui

571 3711 748 3799 capellani
799 3711 956 3796 quolibet
1002 3730 1096 3777 anno
1132 3711 1273 3778 soluent
1315 3711 1600 3796 procuratoribus
1640 3711 1734 3778 dicte
1773 3713 1920 3780 ecclesie
1954 3712 2080 3782 Sancti

570 3849 736 3918 Nicholai
770 3859 808 3916 et
840 3848 1101 3916 successoribus
1131 3847 1205 3914 suis
1233 3849 1520 3933 procuratoribus
1558 3847 1619 3934 qui
1656 3868 1721 3933 pro
1758 3858 1916 3936 tempore
1951 3849 2081 3918 suerint

571 3987 701 4072 viginti
747 3985 880 4052 solidos
928 3986 989 4071 qui
1034 3988 1265 4053 remanebunt
1314 3987 1353 4053 in
1392 4005 1513 4052 eorurn
1552 3986 1718 4052 manibus
1757 3995 1794 4053 et
1831 3987 1992 4054 custodia
2035 3988 2081 4054 ad

573 4123 842 4192 sustentandum
866 4133 902 4190 et
930 4124 1166 4208 reparandum
1188 4132 1402 4202 tenementa,
1429 4123 1561 4206 shopas
1587 4130 1623 4188 et
1648 4120 1817 4189 solarium
1843 4122 2082 4208 suprascripta
2165 4221 2166 4224 Ἴ

574 4280 654 4328 cum
683 4279 827 4326 necesse
855 4259 969 4340 fuerit,
1000 4259 1051 4326 ita
1080 4279 1219 4344 semper
1247 4260 1341 4344 quod
1370 4277 1450 4324 cum
1478 4267 1722 4343 procuratores
1751 4257 1845 4324 dicte
1865 4258 2012 4326 ecclesie
2034 4260 2081 4326 ab

574 4393 689 4463 officio
718 4414 783 4462 suo
812 4393 949 4480 depulsi
978 4393 1050 4461 sint
1079 4405 1115 4461 et
1151 4394 1334 4462 exonerati
1370 4395 1466 4480 quod
1502 4394 1623 4461 statim
1660 4413 1783 4461 omnes
1819 4393 1982 4460 denarios
2018 4413 2081 4480 per

575 4530 672 4616 ipsos
702 4531 753 4596 sic
782 4541 942 4615 receptos
972 4530 1082 4596 saluis
1111 4529 1277 4616 expensis
1306 4550 1370 4617 per
1398 4531 1496 4616 ipsos
1524 4530 1701 4616 impositis
1738 4530 1832 4599 circa
1868 4541 2079 4615 tenementa,
2188 4612 2190 4615 .

575 4666 707 4752 shopas
729 4675 765 4733 et
786 4665 953 4732 solarium
976 4666 1180 4754 prescripta,
1204 4667 1344 4752 siquos
1366 4667 1523 4748 fecerint,
1546 4668 1624 4734 sine
1645 4668 1820 4735 dilacione
1838 4667 2083 4735 deliberabunt

576 4802 657 4870 eliis
686 4823 807 4870 eorum
840 4802 1100 4869 successoribus
1136 4805 1421 4888 procuratoribus
1457 4806 1502 4871 de
1539 4825 1633 4872 nouo
1669 4805 1791 4872 electis
1827 4805 1865 4874 in
1901 4805 2085 4891 presencia

576 4939 699 5008 vicarii
729 4940 822 5007 dicte
851 4939 998 5006 ecclesie
1027 4940 1089 5024 qui
1116 4959 1181 5025 pro
1211 4949 1369 5026 tempore
1398 4941 1514 5011 fuerit.
1559 4941 1618 5008 Ad
1648 4961 1717 5028 que
1753 4941 1874 5008 omnia
1909 4941 2084 5026 premissa

577 5078 669 5144 bene
698 5087 734 5143 et
768 5075 919 5142 fideliter
954 5077 1117 5157 tenenda,
1154 5079 1377 5145 obseruanda
1412 5089 1449 5145 et
1484 5079 1728 5166 perimplenda
1764 5078 1879 5144 dictus
1918 5078 2082 5145 dominus
