5294 6592
840 746 940 838 obe
962 746 1100 838 little
1125 747 1379 838 Rcotioot
1404 746 1669 854 otttttstot
1954 755 2003 844 ⁶7

495 961 774 1029 submmcatores
811 981 895 1028 suos
935 963 993 1028 vel
1031 961 1122 1028 alios
1161 960 1324 1030 homines
1363 979 1458 1041 suos,
1498 980 1542 1028 ac
1579 959 1611 1028 si
1640 959 1784 1048 ipsimet
1810 961 1907 1028 bona
1941 959 2008 1027 illa

494 1116 558 1164 seu
580 1099 820 1167 mercandisas
844 1099 926 1166 illas
951 1099 1003 1165 ita
1026 1107 1305 1186 apprestassent,
1329 1097 1541 1166 liberassent
1569 1117 1633 1166 seu
1661 1097 1899 1176 badidissent,
1921 1096 2007 1164 licet

494 1234 564 1321 ipsi
590 1235 801 1321 apprenticii
823 1245 861 1302 et
885 1237 1166 1302 submarcatores
1193 1236 1251 1302 vel
1282 1235 1350 1301 alii-
1372 1235 1534 1302 homines
1555 1244 1681 1321 postea
1703 1253 1727 1299 a
1748 1233 1902 1301 dominis
1930 1231 2005 1300 suis

492 1370 566 1438 sint
605 1373 714 1440 amoti
752 1373 811 1439 vel
848 1371 988 1440 mortui.
1044 1369 1108 1440 Set
1141 1391 1205 1458 per
1240 1370 1308 1438 hoc
1342 1391 1414 1438 non
1443 1371 1677 1439 excluduntur
1708 1369 1815 1436 iidem
1845 1369 2005 1436 submer-

492 1521 640 1590 catores‚
666 1510 753 1599 quin
779 1531 844 1598 pro
872 1509 962 1578 locis
987 1521 1023 1577 et
1049 1511 1267 1596 temporibus
1286 1509 1481 1597 oportunis,
1510 1510 1635 1576 eadem
1658 1507 1790 1590 debita,
1819 1509 1915 1575 bona
1938 1525 2003 1574 seu

493 1645 732 1712 mercandieas
754 1647 807 1714 sic
829 1665 894 1734 per
922 1645 1021 1734 ipsos
1053 1647 1184 1714 tradita
1214 1647 1299 1714 dum
1336 1646 1407 1714 sint
1443 1665 1524 1712 cum
1560 1643 1714 1712 dominis
1750 1645 1824 1712 suis
1856 1642 2002 1710 nomine

491 1780 714 1848 dominorum
739 1801 881 1849 suomm
908 1791 1027 1868 petere
1056 1789 1093 1848 et
1120 1779 1368 1848 disracionare.
1413 1779 1478 1848 set
1507 1779 1539 1848 si
1566 1779 1764 1866 excipiatur
1792 1787 1916 1846 eontra
1936 1797 1999 1846 eos

490 1937 570 1986 cum
603 1918 804 1986 huiusmodi
841 1919 1023 1986 accionem
1063 1917 1238 1985 mouerint
1266 1918 1362 2004 quod
1402 1937 1474 1984 non
1503 1926 1587 1985 sunt
1615 1927 1699 1984 tunc
1728 1936 1809 1984 cum
1845 1916 2002 1985 dominis

490 2056 564 2123 suis
589 2057 653 2122 sed
675 2057 722 2121 ab
747 2056 883 2122 eisdem
909 2054 1019 2123 amoti
1045 2055 1190 2122 mnino
1215 2055 1424 2120 mmittanlr
1449 2053 1512 2120 illa
1535 2053 1715 2140 erasmo,
1736 2063 1773 2121 et
1795 2053 1827 2120 si
1848 2055 1999 2141 probata

489 2189 593 2258 iurarit
616 2211 681 2277 per
704 2191 977 2278 inquisicionem
1003 2192 1061 2258 vel
1083 2191 1155 2257 alio
1183 2191 1288 2258 modo
1312 2189 1525 2260 sufficienter
1538 2201 1622 2260 tunc
1647 2213 1720 2259 non
1745 2191 2001 2277 respondeatur

488 2330 542 2396 eis
569 2328 663 2410 inde,
696 2328 767 2396 nisi
802 2329 892 2398 forte
929 2329 1080 2416 probare
1101 2327 1257 2414 poterint
1289 2329 1384 2414 quod
1415 2327 1485 2414 ipsi
1516 2329 1574 2396 vel
1602 2347 1723 2395 eorum
1751 2327 1863 2414 plegii
1891 2326 2000 2394 satis·

487 2467 643 2536 fecerunt
668 2467 812 2535 domino
837 2487 903 2534 suo
928 2467 1120 2534 desudem
1145 2466 1267 2532 debito
1291 2485 1355 2534 seu
1380 2465 1567 2547 demanda,
1600 2465 1696 2550 quod
1725 2463 1758 2532 si
1787 2463 1995 2551 replicatum

486 2601 591 2670 fuerit
619 2605 828 2671 admittatur
855 2613 892 2672 et
922 2603 953 2670 si
981 2603 1150 2688 probetur
1177 2610 1369 2688 recuperet.
1427 2601 1476 2668 Et
1500 2610 1651 2668 caueant
1679 2601 1749 2669 sibi
1784 2610 1998 2669 mercatores

486 2749 524 2807 et
546 2759 669 2807 omnes
694 2741 755 2826 qui
783 2739 977 2806 secundum
1001 2740 1119 2824 legem
1143 2737 1387 2806 mercatoriam
1413 2737 1581 2804 deberent
1609 2757 1656 2802 ne
1684 2735 1839 2823 aliquam
1867 2734 1996 2803 falsam

485 2877 735 2964 excepcionern
762 2885 965 2964 proponant
990 2890 1228 2963 superquam
1252 2883 1386 2942 sectam
1412 2891 1475 2940 seu
1499 2871 1749 2959 probaciouem
1773 2871 1995 2958 protendant.

485 3033 548 3082 seu
578 3032 815 3101 superquam
843 3014 948 3080 ambe
972 3022 1093 3100 partes
1116 3009 1331 3096 placitantes
1355 3008 1393 3075 in
1417 3007 1651 3094 inquisicione
1671 3008 1889 3077 descendant
1911 3008 1997 3096 quia

484 3150 516 3218 si
537 3149 629 3218 falsa
651 3150 841 3235 recipiatur
865 3170 930 3236 per
953 3147 1223 3235 inquisicionem
1248 3147 1306 3213 vel
1329 3145 1401 3215 alio
1424 3146 1530 3214 modo
1555 3165 1579 3213 a
1601 3146 1816 3231 probacione
1836 3147 1995 3216 eiusdem

483 3287 707 3374 exoepcionis
740 3286 917 3368 deiecerit,
959 3286 1019 3354 ille
1058 3285 1121 3373 qui
1158 3305 1239 3352 eam
1278 3283 1463 3370 proposuit
1502 3283 1579 3350 siue
1626 3303 1776 3370 querens
1823 3285 1871 3352 sit
1917 3284 1994 3352 siue

483 3423 676 3493 defendens
709 3423 805 3490 cadit
839 3423 878 3490 in
914 3421 1104 3508 principali
1141 3439 1204 3488 seu
1245 3439 1269 3485 a
1308 3418 1498 3506 principali
1534 3419 1712 3486 demanda
1748 3439 1813 3487 seu
1849 3420 1994 3507 querela

482 3579 634 3628 unacum
659 3559 825 3645 dampnis
839 3566 876 3625 et
889 3556 1067 3644 expensis.

516 3890 601 3967 DE
649 3889 822 3967 BONIS
869 3885 1286 3966 MERCATORUM
1330 3887 1448 3966 SEU
1486 3886 1765 3965 ALIORUM
1804 3886 1962 3965 PERI-

695 4056 844 4136 CULA
853 4058 939 4134 TIS
985 4058 1058 4133 IN
1097 4054 1258 4133 MARI
1299 4053 1417 4132 PER
1474 4055 1784 4136 WREKKUM.

610 4247 667 4314 De
705 4247 848 4315 wrelrko
877 4248 985 4316 mmis
1016 4249 1266 4317 concordatum
1294 4258 1350 4316 est
1384 4250 1480 4335 quod
1514 4249 1547 4318 si
1581 4250 1700 4332 bomo,
1737 4251 1847 4335 mnis,
1872 4261 1988 4334 cabis,

479 4403 543 4450 sen
582 4385 654 4450 alia
686 4385 770 4452 vius
803 4386 920 4453 bestia
947 4395 1055 4482 extra
1084 4405 1212 4454 nauem
1248 4405 1311 4454 seu
1346 4387 1518 4454 batallum
1551 4386 1635 4454 viua
1667 4389 1860 4474 escapient,
1889 4392 1985 4477 quod

478 4521 582 4587 nauis
605 4521 669 4587 illa
693 4541 758 4588 nec
783 4521 937 4590 batallus
961 4523 1023 4588 ille
1047 4541 1114 4590 nec
1139 4523 1274 4610 aliquid
1295 4523 1390 4609 quod
1416 4523 1454 4590 in
1478 4523 1532 4591 eis
1556 4523 1661 4591 buerit
1682 4524 1901 4594 adiudioetur
1920 4547 1988 4613 pro

476 4677 621 4726 wrecoo.
666 4657 731 4726 Set
753 4659 876 4728 omnia
899 4659 1059 4746 predicta
1087 4660 1332 4728 custodiantur
1361 4670 1400 4728 et
1428 4661 1609 4728 susanna
1637 4682 1702 4751 per
1736 4662 1852 4731 visum
1891 4663 1989 4732 vioe·

476 4795 617 4885 comitis
644 4805 681 4864 et
708 4795 926 4864 coronatoris
954 4797 1012 4864 vel
1040 4797 1165 4864 balliui
1193 4797 1263 4864 loci
1287 4808 1324 4864 et
1351 4797 1537 4864 coronarii.
1590 4797 1632 4868 Si
1662 4799 1754 4866 inira
1781 4800 1984 4870 libertatem

476 4933 604 5000 accidit
628 4933 668 5001 in
692 4934 857 5001 manibus
880 4934 1082 5002 villatorum
1102 4934 1164 5002 vbi
1185 4933 1386 5001 huiusmodi
1411 4954 1468 5001 res
1489 4935 1725 5018 inueniuntur,
1755 4935 1808 5004 ita
1828 4937 1923 5025 quod
1946 4939 1978 5004 si

475 5072 554 5156 quis
579 5080 811 5158 prosequatur
834 5069 926 5138 infre
951 5091 1085 5138 annum
1108 5081 1146 5138 et
1170 5071 1265 5138 diem
1293 5081 1330 5138 et
1357 5071 1508 5158 probare
1543 5081 1681 5158 poterat
1709 5091 1766 5140 res
1788 5072 1871 5141 illas
1897 5093 1979 5142 esse
