5224 6596
875 802 973 893 ebe
999 801 1137 894 little
1161 804 1260 894 liei>
1285 805 1413 896 Book
1438 807 1488 896 of
1519 806 1708 898 eustoc
1974 834 2043 908 ῐ59

538 1017 778 1085 ministromm
807 1037 950 1084 suorum
978 1020 1035 1085 vel
1063 1019 1232 1086 heredum
1261 1039 1403 1086 suorum
1429 1001 1731 1107 ¹quorumcumque
1759 1038 1891 1107 ponere
1919 1039 1987 1088 nos
2007 1020 2046 1088 in

538 1153 706 1222 seisinam
742 1157 788 1223 de
820 1156 959 1223 catallis
987 1157 1156 1242 predictis
1191 1167 1229 1224 et
1263 1177 1308 1224 ea
1344 1159 1391 1226 ad
1426 1179 1528 1226 vsurn
1568 1167 1728 1226 nostrum
1769 1158 1931 1226 retinere.
1998 1157 2046 1226 Et

440 1338 448 1355 .
538 1291 650 1356 eciam
679 1291 859 1376 predictus
872 1293 1181 1361 metuendissimus
1210 1294 1374 1362 dominus
1398 1315 1499 1364 meus
1520 1296 1622 1378 Rex,
1651 1315 1716 1382 pro
1738 1314 1777 1362 se
1798 1305 1835 1362 et
1856 1296 2046 1363 heredibus

538 1431 624 1512 suis,
652 1430 777 1497 volens
804 1438 842 1495 et
870 1431 1067 1496 concedens
1095 1429 1200 1497 nobis
1228 1431 1323 1517 quod
1352 1392 1419 1498 nos
1448 1431 1611 1500 similiter
1639 1435 1834 1500 habeamus
1863 1434 1910 1500 ad
1931 1441 2044 1500 totam

536 1567 650 1636 'vitam
678 1577 837 1634 nostram
865 1568 904 1632 in
933 1567 1098 1634 omnibus
1126 1577 1163 1634 et
1192 1567 1344 1656 singulis
1373 1569 1510 1650 castris,
1532 1568 1711 1650 dominiis,
1733 1569 1911 1651 maneriis,
1936 1567 2044 1652 villis,

538 1705 652 1785 terris,
696 1704 918 1784 tenementis,
962 1703 1051 1770 locis
1094 1713 1130 1770 et
1163 1702 1276 1770 feodis
1314 1714 1458 1772 returna
1497 1706 1655 1774 omnium
1695 1706 1854 1774 brevium
1892 1703 2044 1792 predicti

538 1839 818 1908 metuendissimi
843 1841 978 1908 domini
1000 1840 1070 1907 mei
1091 1840 1208 1928 Regis
1229 1851 1265 1908 et
1286 1843 1455 1910 heredum
1479 1863 1622 1911 suorum
1646 1863 1688 1910 ac
1714 1843 2045 1924 summonicionum,

538 1987 775 2045 extractarum
806 1987 842 2044 et
870 1987 1115 2065 preceptorum
1144 1979 1190 2044 de
1219 1979 1396 2046 scaccario
1425 1979 1597 2065 predicto,
1626 1999 1764 2047 necnon
1799 1989 2045 2066 preceptorum

539 2126 575 2183 et
599 2124 837 2183 exnamamm
867 2115 1145 2198 Justiciariomm
1174 2116 1324 2201 predicti
1353 2116 1635 2185 metuendissimi
1664 2117 1799 2184 domini
1828 2117 1899 2185 mei
1929 2116 2045 2203 Regis

538 2255 595 2320 vel
631 2252 800 2320 heredum
841 2271 983 2318 suorum
1034 2253 1281 2319 itinerantium
1320 2263 1394 2320 tam
1431 2254 1476 2320 de
1515 2253 1659 2340 placitis
1696 2251 1825 2320 foreste
1860 2273 1968 2340 quarn
1997 2255 2044 2321 ad

538 2390 660 2456 omnia
688 2390 822 2474 placita
849 2400 886 2455 et
915 2389 1063 2456 aliorum
1092 2388 1374 2472 Justiciariorum
1404 2411 1704 2479 quorumcumque
1740 2403 1777 2460 et
1813 2395 2044 2462 execuciones

538 2528 729 2594 eorundem
772 2526 942 2608 brevium,
981 2526 1310 2607 summonicionum,
1350 2536 1588 2598 extractarum
1628 2539 1665 2596 et
1702 2540 1946 2617 preceptorum
1983 2551 2065 2618 per

323 2677 407 2728 Nora
423 2687 503 2738 Quen
538 2663 690 2729 ballivos
718 2672 756 2730 et
783 2663 965 2731 ministros
993 2683 1077 2732 suos
1105 2664 1296 2749 faciendas,
1327 2667 1384 2734 Ita
1405 2670 1500 2753 quod
1522 2669 1641 2735 nullus
1665 2669 1871 2751 vicecomes,
1893 2669 2047 2736 ballivus

314 2753 514 2858 mfficffim
540 2810 602 2867 aut
639 2799 801 2868 minister
836 2800 964 2887 prefati
1004 2803 1285 2871 metuendissimi
1324 2803 1460 2872 domini
1504 2806 1575 2872 mei
1619 2805 1735 2892 Regis
1777 2807 1835 2872 vel
1878 2807 2046 2873 heredum

383 2881 445 2923 m
540 2959 681 3006 suorum
718 2939 839 3024 aliqua
874 2948 1078 3018 castrorum,
1109 2940 1354 3022 dominiorum,
1385 2943 1630 3024 maneriorum,
1660 2944 1835 3023 villarum,
1863 2952 2045 3021 terrarum,

538 3085 829 3154 tenementorum,
859 3076 1015 3143 locorum
1037 3086 1074 3144 et
1101 3075 1283 3146 feodorum
1319 3080 1557 3165 pmdictorum
1594 3081 1640 3147 ad
1675 3079 1792 3148 officia
1828 3081 1948 3167 aliqua
1983 3101 2046 3148 seu

539 3217 612 3283 alia
639 3215 756 3283 officia
783 3234 849 3282 sua
878 3215 1068 3302 tangencia
1103 3213 1267 3284 iacienda
1303 3216 1533 3303 ingrediatur,
1569 3217 1641 3284 nisi
1677 3217 1714 3284 in
1751 3217 1888 3284 defectu
1925 3227 2047 3284 nostro

538 3354 596 3419 vel
631 3350 843 3419 ballivorum
879 3371 942 3418 seu
978 3352 1218 3419 ministrorum
1254 3363 1465 3420 nostrorum.
1529 3352 1577 3419 Et
1612 3353 1645 3420 si
1677 3353 1914 3434 vicecomites,
1951 3347 2046 3443 [aut]

539 3489 663 3555 ballivi
699 3488 913 3569 libertam,
957 3489 1230 3569 hundredorum,
1273 3489 1597 3574 wapentachiorum
1641 3490 1678 3555 in
1722 3490 1795 3556 ullo
1839 3500 2045 3571 castrorum,

539 3625 785 3706 dominiorum,
811 3625 1059 3707 maneriorum,
1087 3627 1263 3708 villarum,
1292 3635 1476 3708 terrarum,
1507 3636 1798 3708 tenementorum,
1829 3628 1985 3694 locorum
2009 3636 2046 3695 et

536 3761 718 3829 feodorum
746 3763 981 3848 predictorum
1011 3764 1049 3829 in
1078 3763 1255 3848 aliquibus
1284 3764 1555 3832 execucionibus
1582 3786 1648 3851 pro
1684 3765 1788 3831 nobis
1823 3785 1887 3850 per
1923 3764 2046 3832 brevia

540 3901 615 3969 sive
654 3903 824 3968 mandata
863 3901 1012 3987 predicti
1052 3902 1332 3969 metuendissimi
1368 3903 1503 3969 domini
1539 3903 1610 3969 mei
1646 3901 1762 3990 Regis
1789 3903 1847 3969 vel
1875 3903 2044 3969 heredum

538 4059 679 4106 suorum
716 4049 779 4106 aut
815 4039 940 4125 quovis
977 4039 1048 4106 alio
1077 4040 1182 4105 modo
1211 4039 1383 4108 faciendis
1411 4039 1637 4127 negligentes
1663 4038 1792 4106 fixerint
1820 4039 1877 4106 vel
1906 4039 2045 4108 remissi

539 4197 603 4262 per
631 4177 726 4263 qnod
754 4176 853 4261 ipsos
881 4175 920 4242 in
954 4177 1130 4243 scaccario
1162 4177 1312 4262 pmdicti
1346 4173 1630 4244 metuendissimi
1665 4175 1800 4242 domini
1829 4175 1899 4242 mei
1928 4175 2045 4262 Regis

539 4335 602 4383 seu
638 4314 719 4380 aliis
755 4313 861 4380 curiis
893 4313 967 4380 suis
996 4313 1184 4400 contigerit
1221 4313 1404 4381 amerciari
1439 4315 1497 4380 vel
1532 4312 1623 4379 fines
1658 4312 1783 4394 facere,
1821 4314 1915 4400 quod
1953 4312 2045 4382 fines

537 4463 574 4520 et
603 4451 877 4520 amerciamenta
905 4449 968 4517 illa
989 4451 1061 4518 sint
1082 4461 1206 4518 nostra
1226 4461 1263 4518 et
1284 4453 1331 4518 ad
1352 4472 1443 4538 opus
1464 4461 1622 4518 nostrum
1644 4452 1815 4518 leventur.
1860 4451 2044 4519 Concessit

536 4588 648 4654 eciam
677 4586 781 4653 nobis
816 4585 996 4671 predictus
1034 4588 1343 4655 metuendissimus
1380 4589 1545 4654 dominus
1584 4605 1685 4654 meus
1723 4586 1808 4654 Rex
1846 4588 1940 4672 quod
1976 4608 2043 4656 nos

535 4732 718 4789 teneamus
755 4730 883 4800 castra,
922 4721 1089 4802 dominia,
1130 4721 1298 4799 maneria,
1330 4722 1450 4802 villas,
1487 4732 1610 4800 terras,
1646 4731 1859 4800 tenementa,
1895 4723 1975 4790 loca
2006 4732 2043 4791 et

533 4859 638 4926 feoda
665 4857 825 4944 predicta
851 4878 1002 4925 vnaoum
1032 4857 1144 4926 feodis
1174 4859 1337 4941 militurn,
1369 4859 1665 4927 advocacionibus
1693 4861 1877 4927 domorum
1899 4859 2043 4948 religio·

537 5016 656 5063 sarum
685 5005 722 5062 et
749 4994 991 5080 hospitalium,
1033 4994 1270 5075 ecclesiarum,
1311 4997 1538 5082 capellarum,
1576 4996 1716 5072 wardis,
1755 4995 1955 5082 maritagiis
2004 5007 2043 5064 et

538 5132 688 5200 escaetis
712 5132 757 5199 de
786 5133 950 5199 omnihus
978 5132 1191 5213 tenentibus,
1221 5132 1457 5201 residentibus
1485 5142 1522 5199 et
1544 5152 1616 5200 non
1638 5131 1884 5213 residentibus,
1906 5140 2040 5200 ettam
