5342 6616
655 843 681 914 4
995 815 1092 908 dte
1115 817 1256 908 ltttte
1280 818 1378 909 που
1402 818 1532 908 boot
1557 820 1608 927 ot
1637 821 1824 913 tirbtot

654 1029 714 1098 De
737 1031 871 1099 eisdem
897 1033 1183 1118 procuratoribus
1208 1053 1275 1120 pro
1299 1033 1437 1101 duebue
1463 1035 1587 1120 shopis
1612 1037 1818 1124 propinqui·

742 1170 863 1237 oribus
876 1171 1013 1258 capelle
1028 1172 1159 1239 ibidem
1173 1191 1220 1238 ex
1233 1181 1336 1258 perte
1350 1172 1511 1240 Australi
1665 1219 1676 1238 .
1808 1221 1817 1240 .
1975 1175 2065 1264 viiJ'r.
2081 1174 2167 1263 iiijd.

549 1377 553 1388 ¹
654 1303 711 1372 De
727 1305 886 1376 Gilberto
901 1308 1017 1377 Forde
1031 1329 1097 1396 pro
1112 1312 1238 1397 plnoea
1252 1311 1319 1378 sub
1334 1331 1419 1377 arcu
1433 1311 1540 1378 turris
1554 1310 1686 1378 ibidem
1807 1358 1818 1376 .
2079 1313 2165 1400 xiid»

653 1443 711 1511 De
734 1443 898 1528 Jobenne
918 1445 1075 1514 Blanket
1099 1467 1165 1532 pro
1188 1457 1391 1516 tenemento
1417 1467 1530 1535 nuper
1552 1446 1722 1536 Symonie
1747 1447 1819 1536 Ely

652 1715 710 1784 De
724 1717 882 1788 Henrioo
896 1721 1010 1810 Perys
1024 1741 1090 1808 pro
1104 1729 1307 1790 tenemento
1323 1721 1454 1789 ibidem
1521 1769 1530 1786 .
1663 1767 1672 1786 .
1805 1767 1816 1786 .
2114 1739 2164 1788 vs.

650 1855 708 1922 De
721 1856 885 1941 Johenne
898 1858 1080 1927 Banewell
1096 1879 1161 1946 pro
1174 1868 1379 1926 tenemento
1393 1857 1525 1924 ibidem
1662 1905 1671 1922 .
1805 1905 1814 1922 .
2112 1877 2162 1925 vs.

648 1993 708 2060 De
720 1994 904 2062 willelmo
919 1995 1019 2082 Hayl
1033 2017 1098 2084 pro
1113 2005 1316 2064 tenemento
1330 1996 1426 2081 quod
1440 1995 1616 2062 inhabitat
1631 1993 1762 2062 ibidem
1804 2042 1814 2061 .
1961 1995 2048 2082 xvir.
2064 1992 2159 2080 viijd.

647 2131 706 2200 De
729 2132 888 2201 Ricardo
918 2131 1054 2220 Spioer,
1080 2134 1239 2202 Ricardo
1265 2134 1446 2201 Bromdon
1467 2143 1504 2200 et
1520 2133 1655 2200 them
1673 2133 1815 2222 meg

734 2291 800 2356 pro
820 2281 1023 2338 tenemento
1039 2291 1153 2358 nuper
1164 2270 1246 2339 Ado
1260 2269 1452 2338 Beeuflour
1465 2270 1596 2338 ibidem
1661 2319 1671 2338 .
1803 2318 1813 2337 .

2111 2289 2151 2336 vs

648 2406 705 2477 Do
718 2407 839 2476 Alano
855 2409 1058 2498 Wryngton
1073 2429 1139 2494 pro
1154 2410 1268 2495 sbope
1283 2408 1414 2476 ibidem
1517 2455 1527 2474 .
1661 2457 1670 2474 .
1804 2457 1813 2474 .
2078 2407 2161 2476 xxd.

2076 2541 2153 2610 xxd

648 2541 705 2610 De
718 2543 881 2626 Johenne
895 2543 1016 2630 iborp
1031 2565 1097 2630 pro
1111 2543 1225 2629 shope
1240 2543 1373 2610 ibidem
1519 2591 1528 2608 .
1661 2591 1670 2608 .
1804 2589 1812 2608 .

550 2707 559 2726 ·
648 2677 705 2746 De
718 2679 881 2746 Waltero
895 2680 926 2747 F
926 2691 1091 2768 rompton
1105 2702 1171 2767 pro
1185 2681 1209 2766 ij
1230 2681 1353 2767 shopis
1375 2679 1590 2748 coniunctim
1612 2679 1754 2748 emate
1775 2679 1813 2746 in

735 2818 1028 2905 corneriopontis
1086 2864 1808 2884 ......
2107 2833 2156 2882 vs.

646 2955 1554 3042 Demffudpeoehepemeemnepeete
1655 3000 1664 3019 .
1797 3001 1806 3018 .
2020 2951 2158 3040 itemqu.

691 3091 864 3157 Nicholao
879 3091 1039 3176 Drapere

648 3175 1005 3246 Deeodenssieoede
1018 3197 1083 3264 pro
1098 3177 1212 3264 shope
1225 3177 1391 3245 Nicholei
1404 3178 1544 3264 Dreper
1655 3224 1664 3242 .
1797 3225 1806 3241 .

648 3313 876 3382 DeRicardo
891 3314 1031 3382 Horlok
1044 3333 1110 3403 pro
1124 3315 1238 3402 sbopa
1252 3313 1384 3383 ibidem
1511 3361 1520 3380 .
1654 3362 1662 3378 .
1795 3361 1804 3379 .

646 3447 704 3516 Do
719 3449 876 3516 Rionrdo
890 3447 1006 3516 Hurel
1020 3469 1084 3534 pro
1099 3449 1213 3536 shopa
1227 3467 1340 3535 nuper
1353 3447 1501 3516 Ricerdi
1516 3448 1561 3514 de
1575 3445 1693 3514 Penes
1794 3493 1804 3512 .

647 3587 704 3655 De
718 3587 878 3654 Roberto
894 3584 1090 3675 Horseleye
1113 3605 1178 3674 pro
1199 3585 1288 3654 turri
1309 3585 1410 3654 iuxta
1430 3585 1619 3652 mariscum
1640 3595 1678 3652 et
1697 3601 1810 3652 morra

732 3725 858 3812 pleoea
871 3725 1002 3794 ibidem
1084 3769 1802 3791 ......

647 3862 889 3949 Deturrique
903 3861 1084 3948 quondam
1098 3859 1165 3928 fuit
1178 3859 1353 3928 Eborardi
1368 3861 1402 3926 le
1416 3859 1552 3926 Frensh
1655 3905 1664 3923 .
1797 3905 1806 3923 .

646 3999 703 4070 De
718 4000 805 4068 turri
820 4000 921 4066 iuxta
934 3998 1140 4086 Mershyate
1227 4046 1803 4066 .....

689 4137 828 4204 Thoma
841 4135 1048 4203 Denebawd

646 4225 703 4292 De
715 4225 874 4290 ΜΘΗ
886 4221 1017 4310 enee
1031 4243 1096 4308 pro
1111 4227 1313 4290 tenemento
1328 4243 1439 4308 nuper
1452 4221 1625 4290 Willelmi
1639 4221 1755 4308 Bolgo
1792 4268 1802 4287 .

646 4359 704 4427 De
718 4357 876 4446 Symone
890 4358 1023 4426 Russel
1038 4379 1103 4445 pro
1118 4379 1202 4426 arcu
1217 4359 1316 4426 iuxta
1332 4368 1471 4444 portem
1494 4359 1608 4425 sancti
1630 4357 1805 4426 Leonnrdi

647 4489 704 4555 De
739 4487 916 4574 Magistro
953 4486 1100 4570 Rogero
1136 4489 1171 4553 le
1206 4487 1329 4554 White
1358 4489 1434 4572 pro¹
1462 4496 1663 4554 tenemento
1693 4505 1806 4571 nuper

733 4592 910 4702 Stephani
923 4613 1084 4682 Norman
1098 4615 1136 4681 in
1150 4615 1229 4681 vioo
1243 4616 1457 4703 piscatorum
1510 4663 1519 4681 .
1652 4662 1662 4679 .
1795 4661 1803 4678 .

648 4743 705 4811 De
718 4743 881 4828 Johenne
895 4741 1075 4829 Sampson
1088 4762 1154 4828 pro
1169 4753 1370 4812 tenemento
1389 4763 1502 4830 nuper
1522 4741 1684 4810 silvestri
1706 4741 1807 4828 Legb

647 5001 703 5068 De
718 4999 878 5066 Roberto
894 4996 1018 5086 Gyene
1033 5019 1099 5086 pro
1111 5019 1225 5068 vacue
1238 5001 1364 5088 pleoea
1378 5000 1478 5067 iuxta
1492 4999 1754 5087 seyngilesyato
1797 5044 1806 5063 .

1329 5171 1415 5224 ιω.
1434 5187 1487 5240 pe.
