5224 6596
880 839 978 933 une
1002 841 1140 932 tittte
1164 841 1262 932 nee
1288 841 1416 935 aeon
1441 844 1491 936 ot
1521 823 1709 938 attath.
1974 869 2045 942 222

543 1052 699 1122 Blanlret
719 1072 766 1120 ex
786 1063 888 1140 parte
908 1075 980 1122 vna
1000 1063 1038 1123 ct
1058 1057 1207 1144 shopam
1231 1055 1385 1126 Abbatis
1405 1066 1443 1125 et
1463 1055 1669 1128 conuentus
1689 1057 1814 1128 Sancti
1842 1056 2048 1148 Augustini,

544 1189 736 1275 Bristollia,
772 1211 819 1260 ex
860 1202 962 1278 parte
1008 1194 1131 1276 altera,
1167 1193 1206 1260 in
1248 1211 1321 1280 qua
1361 1194 1544 1280 Johannes
1579 1195 1680 1286 Pyka
1715 1195 1774 1264 die
1815 1193 2051 1264 consecutionis

544 1329 765 1416 presencium
801 1329 988 1398 inhabitat.
1046 1331 1128 1400 Due
1163 1333 1275 1420 shope
1310 1353 1390 1401 cnm
1427 1334 1501 1400 suis
1536 1333 1764 1420 pertinenciis
1799 1333 1977 1402 situantur
2011 1333 2050 1400 in

544 1467 632 1534 villa
660 1465 841 1535 Bristoliie
869 1468 908 1534 in
935 1469 1016 1536 vico
1044 1478 1172 1537 vocato
1198 1467 1450 1558 Wynchestret
1477 1469 1570 1537 inter
1596 1477 1837 1538 tenementum
1865 1465 2051 1556 Radulphl

545 1599 664 1670 Colles
691 1622 739 1670 ex
766 1613 868 1691 parte
895 1625 967 1672 vna
994 1613 1031 1673 et
1060 1606 1209 1693 sbopam
1237 1604 1394 1673 Abbatis
1421 1615 1459 1673 et
1486 1603 1692 1674 Conuentus
1720 1607 1766 1673 de
1800 1605 2049 1692 Tewlresbury‚

547 1735 619 1830 [in]
647 1759 720 1827 qua
745 1741 923 1810 inhabitat
951 1742 1010 1810 die
1038 1741 1272 1811 mnfeccicnis
1295 1741 1516 1828 presencium
1542 1741 1699 1811 Thomas
1723 1741 1957 1830 Nortbgrove.
2002 1739 2052 1810 Et

546 1895 619 1946 vna
651 1879 765 1965 shopa
796 1898 876 1946 cum
906 1879 981 1947 suis
1008 1879 1238 1967 pertinenciis
1269 1879 1420 1948 situatur
1451 1879 1489 1946 lo
1522 1879 1700 1946 suburbiis
1729 1879 1911 1946 Bristollie
1946 1897 2053 1966 super

550 2013 693 2103 Keyam
722 2015 815 2083 inter
843 2017 992 2104 shopam
1022 2017 1155 2085 Prioris
1184 2027 1221 2084 et
1246 2016 1451 2086 &noenius
1478 2015 1604 2086 Sancti
1630 2015 1767 2100 Jacobi,
1792 2016 1984 2100 Brlstollia,
2006 2035 2054 2084 ex

547 2161 650 2240 parte
690 2172 763 2221 vna
805 2164 843 2222 et
885 2155 1034 2241 shopam
1077 2152 1227 2223 Ricardi
1270 2152 1467 2242 Cobyndon
1511 2173 1558 2222 ex
1600 2163 1702 2241 parte
1737 2154 1861 2236 altera,
1897 2153 1936 2222 in
1980 2171 2054 2241 qua

547 2290 762 2378 Radulphus
819 2292 975 2360 Blanket
1031 2291 1208 2360 inhabitat
1265 2291 1324 2358 die
1381 2289 1615 2360 ccnfeccionis
1677 2289 1911 2377 presencium.
1991 2287 2053 2358 Ad

548 2427 799 2496 inuenientium
842 2447 950 2496 vnum
1002 2429 1225 2515 capellanum
1277 2427 1400 2496 diuina
1442 2427 1595 2514 singulis
1633 2413 1759 2494 diebus
1797 2427 2053 2495 celebrabrmm

452 2612 460 2628 .
550 2564 808 2652 imperpetuum
835 2565 875 2631 in
902 2565 1056 2652 quodam
1086 2563 1251 2632 Oratorio
1279 2561 1372 2630 infra
1399 2563 1598 2650 cappellam
1624 2563 1738 2631 Beata
1758 2563 1874 2630 Maria
1894 2561 2056 2653 Virginis

549 2703 696 2771 ecclesie
725 2699 849 2772 Sancti
878 2700 1053 2790 Stephani
1081 2701 1143 2768 vbi
1171 2719 1299 2786 corpus
1327 2698 1509 2766 Edmundi
1539 2699 1695 2766 Blanlret
1727 2699 1824 2786 jacet
1859 2698 2055 2779 humatum,

534 2858 614 2927 pro
636 2839 823 2908 animabus
844 2839 994 2927 predicti
1014 2837 1195 2908 Edmundi
1215 2837 1382 2918 Blanket,
1404 2835 1521 2904 Alicie
1541 2837 1664 2906 uxoris
1684 2837 1843 2925 ejusdem
1866 2837 2056 2922 Edmundi,

550 2975 685 3046 Thome
714 2977 879 3061 Blaniret,
910 2975 1058 3046 Ricardi
1086 2977 1242 3044 Blanket
1269 2992 1306 3042 et
1334 2971 1452 3042 Alicio
1480 2973 1718 3060 uxoris-eius,
1756 2973 1904 3042 Henrici
1939 2975 2056 3063 Vyell,

550 3128 593 3176 ac
621 3130 686 3197 pro
713 3110 848 3179 salubri
883 3121 980 3180 statu
1014 3113 1218 3200 Margarete
1252 3111 1374 3178 uxoris
1410 3109 1562 3198 predicti
1601 3107 1793 3191 Edmundi,
1834 3109 1983 3196 Maioris
2021 3118 2058 3178 et

551 3245 824 3316 Communitatis
844 3249 929 3315 ville
949 3248 1141 3330 Bristollie,
1163 3257 1200 3316 et
1221 3248 1409 3316 animabus
1429 3245 1590 3316 omnium
1615 3243 1772 3314 fidelium
1804 3245 2058 3330 detunctorum,

357 3405 442 3456 Nona
457 3417 496 3456 nr
550 3391 587 3449 et
614 3393 654 3448 vt
685 3384 845 3451 cantaria
879 3385 1060 3452 Edmundi
1095 3384 1250 3453 Blaniret
1285 3386 1543 3472 imperpetuum
1572 3380 1639 3448 erit
1667 3391 1882 3469 nuncupata
1942 3381 2057 3469 Quem

344 3481 510 3587 {iffi
550 3518 693 3603 quidem
721 3521 945 3606 capellanum
973 3530 1010 3589 et
1038 3522 1115 3608 ejus
1143 3541 1361 3590 successores
1390 3519 1508 3606 Major
1535 3517 1619 3585 ville
1645 3517 1827 3587 Bristollie
1847 3530 1885 3587 et
1905 3539 2059 3607 persona

326 3665 527 3717 mmmmm
553 3657 647 3726 dicte
684 3657 832 3725 ecclesie
868 3657 993 3726 Sancti
1025 3657 1201 3745 Stephani
1229 3659 1291 3745 qui
1319 3677 1385 3744 pro
1414 3666 1573 3742 tempore
1599 3651 1729 3722 fuerint
1764 3664 1802 3723 et
1838 3675 2058 3724 successores

358 3729 497 3845 uffa
553 3795 609 3862 sui
636 3795 820 3862 nominare
844 3795 985 3878 debent,
1021 3798 1206 3884 imponent
1240 3806 1278 3864 et
1313 3793 1511 3862 conferrent
1543 3791 1581 3859 in
1610 3790 1815 3861 Cantariam
1848 3792 2056 3880 predictam,

552 3941 590 3998 et
617 3933 786 4018 quociens
813 3933 949 4001 tociens
976 3934 1136 4020 predicta
1164 3934 1324 4002 cantaria
1352 3932 1532 4000 vacauerit
1559 3951 1624 4018 per
1658 3940 1819 4011 monem,
1850 3927 2057 4012 cessionem,

551 4067 842 4154 resignecionem,
886 4069 1169 4156 depriuacionem
1211 4071 1269 4138 vel
1312 4069 1420 4136 aliam
1471 4087 1615 4136 causam
1666 4066 1864 4154 legitimam
1907 4065 2057 4152 predicti

553 4203 729 4290 capellani
763 4214 801 4272 et
832 4223 1072 4272 successorum
1101 4225 1255 4288 suorum,
1284 4205 1402 4294 Major
1430 4205 1514 4275 ville
1542 4205 1700 4294 predicte
1728 4215 1765 4273 et
1785 4223 1939 4291 persona
1962 4203 2058 4273 dicte

551 4339 700 4408 ecclesie
727 4349 764 4407 et
792 4360 1011 4411 successores
1039 4343 1096 4410 sui
1130 4345 1192 4430 qui
1226 4364 1292 4431 pro
1327 4354 1486 4432 tempore
1519 4342 1651 4411 fuerint
1687 4341 1796 4410 alium
1833 4340 2056 4428 capellanum

551 4487 589 4545 et
608 4497 797 4566 personam
818 4479 982 4547 idoneam
1004 4480 1042 4547 in
1064 4479 1269 4550 Cantariam
1289 4481 1484 4568 predictam
1513 4479 1710 4550 conferrent
1739 4479 1830 4548 sicut
1858 4477 2055 4564 predictum

553 4623 618 4682 eet
662 4614 767 4683 Etsi
795 4615 945 4702 predicti
980 4616 1098 4703 Major
1132 4625 1170 4684 et
1204 4635 1357 4702 persona
1391 4618 1453 4704 qui
1488 4635 1553 4702 pro
1589 4625 1748 4702 tempore
1782 4612 1912 4680 fuerint
1950 4632 2057 4700 super

556 4750 838 4820 dominacionem
881 4753 1030 4839 predicti
1073 4752 1248 4839 capellani
1288 4754 1335 4820 ad
1373 4753 1569 4839 predictam
1601 4751 1806 4821 cantariam
1836 4749 2056 4819 consecrandi

553 4887 766 4988 concordare
794 4885 886 4954 inira
913 4907 1071 4956 mensem
1100 4898 1359 4975 postmortem
1388 4889 1537 4975 alicujus
1565 4887 1741 4977 capellani
1769 4886 1863 4955 dicte
1898 4886 2057 4954 cantaria

555 5041 628 5091 non
656 5033 832 5110 poterunt,
861 5035 992 5093 mnino
1019 5028 1111 5094 bene
1139 5027 1261 5095 licebit
1288 5026 1418 5113 Maiori
1438 5027 1523 5094 ville
1544 5026 1699 5114 predicte
1727 5025 1789 5113 qui
1810 5045 1875 5112 pro
1897 5035 2056 5111 ternpore

553 5157 659 5228 fuerit
686 5169 722 5227 et
751 5161 1011 5230 successoribus
1039 5163 1113 5230 suis
1141 5183 1328 5250 personam
1356 5165 1533 5252 ydoneam
1561 5165 1600 5231 in
1625 5161 1828 5231 Cantariam
1859 5161 2054 5249 predictam
