5224 6596
857 865 954 957 ebe
978 862 1392 956 littletieottoot
1417 861 1468 952 ot
1498 861 1685 955 enatet.
1949 889 2022 966 215

515 1083 759 1168 undecumque
786 1079 941 1168 recipere
969 1077 1154 1166 contingat
1182 1086 1304 1145 curato
1332 1076 1491 1164 ejusdem
1528 1073 1674 1162 Capella
1709 1077 1825 1144 soluat
1863 1079 2025 1164 plenarie

517 1219 596 1286 sine
623 1238 733 1287 mora.
777 1215 918 1285 Prefate
945 1215 1055 1304 igitur
1090 1214 1309 1282 ordinacioni
1339 1221 1460 1280 nostre
1495 1211 1683 1282 statuendo
1720 1213 1892 1281 adicimus
1926 1217 2022 1300 quod

517 1354 733 1442 capellanus
760 1352 991 1441 quiscumque
1020 1351 1058 1418 in
1086 1350 1186 1419 dicta
1211 1349 1382 1418 Cantaria
1410 1349 1649 1454 instituendus
1684 1369 1747 1418 seu
1782 1351 2023 1420 admittendus

518 1491 565 1558 ad
589 1492 738 1559 eandem
763 1491 1001 1576 juramentum
1031 1507 1138 1575 super
1164 1485 1346 1573 premissis
1366 1485 1569 1574 peripsum
1593 1487 1826 1555 obsommdis
1854 1489 2024 1574 quatinus

518 1627 635 1714 ipsum
664 1625 845 1712 contigere
872 1625 1103 1693 dinoscunmr
1130 1623 1168 1690 in
1203 1621 1430 1691 institucione
1465 1631 1503 1691 et
1538 1621 1754 1691 admissione
1790 1643 1855 1691 sua
1889 1635 2026 1712 prestet

518 1763 710 1850 corporale.
768 1761 817 1828 Et
858 1781 905 1828 ne
947 1759 1148 1847 huiusmodi
1188 1759 1407 1827 ordinacioni
1448 1756 1526 1848 (se)
1573 1769 1694 1828 nostre
1736 1759 1945 1846 ignorancia
1986 1771 2026 1828 et
2159 1799 2162 1810 ‹

518 1898 713 1985 capellanis
740 1896 835 1966 dicte
863 1897 1020 1964 canter-ie
1047 1895 1209 1983 pretendi
1237 1898 1357 1964 valeat
1394 1896 1432 1964 in
1461 1895 1615 1964 firmrum
1644 1897 1757 1983 ipsius
1784 1897 2025 1966 ordinacionis

516 2054 638 2102 veram
666 2034 806 2119 copiam
834 2033 873 2100 in
898 2031 1039 2102 Missali
1066 2052 1132 2120 pro
1160 2033 1257 2101 dicta
1293 2033 1462 2102 Cartana
1497 2033 1681 2122 adgnato
1717 2033 1825 2103 inseri
1860 2037 2023 2104 volumus
2140 2128 2143 2138 ,

515 2180 553 2240 et
580 2171 726 2240 inscribi
754 2189 798 2238 ac
825 2189 890 2256 per
917 2169 1061 2238 eosdem
1089 2169 1293 2256 capellanos
1320 2169 1450 2256 inspici
1485 2177 1521 2236 et
1549 2169 1689 2236 recitari
1724 2167 1933 2256 treqnenter.
1977 2170 2024 2238 In

515 2324 664 2393 quorum
706 2303 866 2373 omnium
908 2315 946 2372 et
980 2303 1201 2392 singuiomm
1238 2305 1480 2374 testimonium
1516 2316 1715 2392 presentem
1759 2307 2022 2375 ordinacionem

515 2455 673 2512 noemam
716 2444 959 2531 dupplicatum
1003 2463 1153 2529 quarum
1195 2451 1335 2531 partem
1381 2462 1486 2510 vnam
1522 2443 1561 2509 in
1596 2443 1830 2512 Thmaurario
1873 2444 2021 2512 ecclesie

515 2591 635 2648 nostre
663 2580 866 2662 wellensis,
901 2590 940 2648 et
974 2581 1082 2650 aliam
1121 2590 1259 2668 partem
1296 2599 1407 2668 penes
1446 2579 1620 2666 Maiorem
1659 2589 1696 2648 et
1733 2581 2021 2651 communitatem

516 2718 610 2786 dicte
637 2718 722 2785 ville
749 2717 918 2786 Bristolle
944 2717 1108 2786 volumus
1134 2737 1316 2785 remanere
1344 2716 1455 2804 sigilli
1483 2718 1595 2784 nostri
1632 2717 1848 2804 appensione
1876 2718 2023 2788 fecimus

516 2855 735 2922 communiri.
778 2853 914 2922 Datum
936 2855 1031 2942 apud
1053 2853 1245 2935 Banewess,
1266 2853 1381 2920 Nonis
1403 2853 1541 2936 Marcii,
1562 2871 1658 2921 anno
1677 2853 1812 2922 domini
1835 2853 2022 2924 millesimo

516 2989 644 3060 CCC¹¹⁰
673 2990 851 3060 tricasium
879 2991 1000 3075 tercio,
1028 3000 1066 3059 et
1094 2999 1215 3058 nostre
1241 2989 1522 3059 consecracionis
1550 2990 1686 3076 quinto.

427 3288 435 3306 .
521 3219 556 3296 C
556 3217 857 3298 OMPOSICIO
918 3215 1348 3296 CANTARIARUM
1397 3216 1649 3295 RICARDI
1701 3219 1902 3298 SPICER
1958 3220 2033 3298 IN

824 3365 1106 3444 ECCLESIA
1160 3368 1372 3446 SANCTI
1412 3366 1722 3447 NICHOLAI.¹

644 3531 833 3602 Uniuereie
876 3531 1009 3601 Christi
1047 3531 1211 3600 fidelibus
1247 3543 1447 3618 presentem
1484 3543 1618 3601 certain
1658 3533 1872 3621 tripartitam
1910 3546 1947 3604 et
1981 3537 2019 3604 in
2045 3553 2188 3607 emme
2209 3567 2248 3608 or

513 3670 779 3740 mausueta
806 3667 1006 3737 Gildmane
1034 3687 1153 3736 eoram
1188 3668 1350 3736 wuaro
1384 3669 1518 3758 easy,
1547 3669 1685 3757 Maure
1713 3672 1798 3740 nuo
1825 3671 2017 3755 sesamo,
2077 3621 2220 3740 ‘emt

513 3807 734 3876 irrotrrlatam
774 3805 986 3892 inspecturis
1021 3797 1080 3873 viel
1117 3804 1299 3885 auditrrris,
1337 3804 1515 3872 Ricardus
1550 3801 1675 3890 Spicer
1710 3805 1898 3893 burgensis
1934 3808 2019 3878 ville

513 3942 695 4012 Eristollie
723 3941 874 4010 salutem
903 3941 942 4008 in
965 3941 1131 4008 Domino.
1176 3939 1308 4009 Sciatis
1343 3943 1439 4026 quod
1474 3943 1519 4010 de
1550 3942 1700 4010 licencia
1735 3943 1870 4013 domini
1905 3947 2018 4014 nostri

513 4079 649 4147 domini
691 4077 858 4147 Edwardi
893 4075 1011 4166 Regis
1045 4077 1181 4166 Anglie
1215 4079 1316 4146 tercii
1351 4089 1433 4165 post
1468 4089 1699 4167 conquestum
1735 4081 1848 4170 ipsius
1883 4083 2021 4152 domini

512 4215 641 4305 Regis,
669 4215 756 4284 data
783 4216 878 4302 apud
905 4213 1262 4283 westmonasterium
1290 4215 1528 4284 sextodecimo
1557 4215 1617 4284 die
1644 4216 1744 4300 Maii,
1781 4237 1877 4287 anno
1916 4221 2019 4308 regni

513 4355 570 4422 sui
597 4352 733 4441 Anglie
760 4352 1033 4440 quadragesimo
1057 4362 1194 4438 quarto,
1216 4352 1318 4438 regni
1338 4371 1422 4418 vero
1444 4353 1500 4420 sui
1521 4353 1672 4424 Francia
1692 4355 1869 4424 tricesimo
1890 4358 2017 4444 primo,

512 4491 606 4574 dedi,
645 4491 805 4561 concessi
840 4500 877 4558 et
911 4491 980 4559 hac
1014 4489 1171 4577 presenti
1207 4499 1306 4558 carta
1344 4509 1424 4557 mea
1463 4489 1669 4561 confirmasti
1713 4495 1858 4563 domino
1897 4496 2018 4565 David

512 4627 720 4710 Nomentum,
771 4628 968 4715 capellano,
1011 4633 1048 4694 et
1091 4626 1170 4714 eius
1211 4626 1472 4695 successoribus
1514 4629 1719 4716 capellanie,
1763 4639 1876 4700 totam
1916 4633 2017 4700 illam

512 4763 661 4850 shopam
704 4781 820 4831 meam
864 4781 945 4831 cum
980 4760 1110 4830 solario
1146 4759 1413 4848 superedificato
1448 4771 1486 4830 et
1521 4764 1596 4832 suis
1631 4765 1869 4852 pertinenciis,
1906 4787 2013 4854 quam

511 4899 678 4987 Rogemus
705 4900 908 4989 Brademay
940 4919 1035 4968 nunc
1069 4908 1167 4966 tenet
1203 4897 1370 4966 situm
1406 4897 1446 4965 in
1481 4899 1649 4968 suburbio
1689 4901 1871 4970 Bristollie
1909 4923 2017 4992 super

509 5035 658 5104 haecum
685 5033 850 5120 Abbone,
878 5056 949 5123 que
976 5037 1134 5106 continet
1161 5036 1363 5126 quindecim
1392 5035 1502 5124 pedes
1530 5047 1568 5106 et
1595 5037 1782 5107 dimidium
1818 5040 1856 5107 in
1891 5041 2016 5109 latitu-

510 5171 595 5240 dine
622 5182 659 5239 et
686 5173 725 5240 in
753 5171 976 5262 longitudine
1003 5173 1132 5261 viginti
1160 5194 1225 5242 sex
1252 5173 1362 5262 pedes
1390 5185 1427 5242 et
1454 5175 1651 5245 dimidium.
1707 5179 1802 5246 Dedi
1830 5178 1942 5247 eciam
1976 5189 2015 5248 et

1143 5344 1384 5416 ’κῶμα
