5294 6592
628 769 678 859 84
968 761 1065 852 une
1088 759 1228 852 utne
1251 759 1350 851 nec
1374 759 1503 850 noos
1529 759 1578 849 st
1606 757 1797 882 „cristol

627 978 694 1044 iret
715 977 799 1044 inde
820 975 898 1044 sine
919 976 987 1056 die,
1003 985 1039 1042 et
1056 977 1152 1061 quod
1171 975 1374 1042 Bernardus
1390 982 1615 1059 recuperarat
1630 974 1787 1060 dampna
1805 984 1843 1042 et
1856 994 2033 1060 expensas
2052 997 2136 1046 suas

626 1133 750 1210 versus
788 1114 986 1201 predictum
1019 1113 1138 1179 Adam
1170 1123 1206 1179 et
1240 1112 1380 1199 plegios
1414 1131 1497 1178 suos
1531 1130 1601 1197 que
1636 1112 1856 1178 taxabuntur
1887 1133 1953 1198 per
1981 1113 2136 1198 Curiam,

626 1254 751 1320 habito
779 1263 941 1338 respectu
970 1253 1017 1319 ad
1045 1272 1174 1333 moras,
1204 1261 1331 1332 sectas,
1361 1251 1566 1330 dilucium
1594 1249 1759 1318 defensas
1782 1259 1819 1316 et
1842 1269 2021 1336 expensas
2045 1271 2135 1336 quas

627 1407 672 1456 ea
701 1389 887 1456 occasione
915 1389 1094 1468 sustinuit,
1123 1389 1170 1456 ad
1197 1409 1224 1456 x
1252 1389 1373 1466 libras,
1402 1397 1440 1455 et
1480 1409 1586 1474 super
1617 1387 1689 1455 hiis
1717 1397 1823 1454 vocat
1849 1390 1985 1454 ronrlos
2020 1397 2136 1456 vosne

627 1525 795 1612 gyldaule
849 1524 887 1591 in
932 1524 1128 1592 subsidium
1180 1544 1245 1610 pro
1288 1524 1393 1590 bonis
1437 1523 1511 1590 suis
1554 1524 1648 1590 vnde
1692 1543 1771 1590 cum
1815 1543 1881 1590 nec
1924 1523 1984 1590 lex
2038 1543 2134 1592 oom-

626 1663 744 1730 munis
783 1682 850 1730 nec
885 1664 944 1729 len
984 1661 1193 1729 mercatoria
1233 1661 1416 1747 permittat
1454 1660 1549 1747 quod
1586 1679 1667 1728 cum
1705 1661 1836 1748 aliquis
1865 1661 1903 1727 in
1931 1661 2134 1729 huiusmodi

625 1802 760 1886 placito
796 1820 860 1886 per
898 1799 1006 1866 finale
1045 1799 1212 1865 iudicium
1244 1799 1385 1884 quietus
1419 1808 1611 1866 recesserat
1644 1800 1740 1884 quod
1776 1799 1867 1866 alias
1896 1799 2056 1866 trahatur
2097 1801 2134 1866 in

627 1938 798 2024 placitum
836 1938 881 2003 de
920 1937 1055 2002 eodem.
1115 1933 1213 2000 Hinc
1256 1943 1311 2001 est
1354 1936 1450 2020 quod
1493 1954 1558 2000 vos
1600 1953 1665 2020 per
1708 1937 1921 2002 intermutua
1966 1938 2135 2004 mandata

624 2094 791 2161 rogamus
820 2073 915 2159 quod
944 2073 1108 2140 scrutatis
1141 2071 1265 2138 rotulis
1293 2081 1331 2138 et
1354 2070 1592 2139 memorandis
1620 2071 1747 2139 vestris
1775 2091 1912 2157 eaque
1938 2071 1976 2138 in
2001 2073 2134 2139 eisdem

623 2213 717 2278 circa
753 2211 927 2297 premissa
969 2210 1127 2276 inuenire
1165 2208 1353 2296 contigerit
1392 2209 1496 2275 nobis
1529 2227 1593 2294 per
1630 2208 1766 2276 litteras
1794 2218 1931 2276 vestras
1968 2218 2132 2294 patentes

624 2353 764 2417 clausas
790 2351 916 2416 hamm
942 2358 1099 2415 tenorem
1129 2347 1350 2414 continentes
1379 2349 1446 2414 sub
1470 2356 1588 2413 vestro
1618 2347 1795 2412 communi
1824 2346 1943 2434 sigillo
1969 2347 2135 2414 distincta

534 2532 542 2547 .
625 2496 661 2554 et
701 2496 821 2572 aperte
860 2485 1011 2552 mittatis
1049 2485 1197 2552 indilate
1225 2494 1264 2551 vt
1293 2485 1426 2551 endem
1466 2484 1637 2570 inspectis
1670 2493 1708 2550 et
1736 2484 1925 2552 intellectis
1962 2485 2000 2550 in
2040 2485 2135 2550 dicto

624 2621 758 2713 placito
815 2620 930 2688 facere
981 2622 1159 2706 possimus
1211 2623 1306 2706 quod
1350 2622 1542 2688 secundum
1595 2623 1711 2708 legem
1755 2631 1792 2687 et
1846 2621 2135 2688 consuetudinem

627 2725 871 2826 mercatoriam
914 2757 1019 2825 fiterit
1069 2757 1280 2824 faciendum.
1335 2756 1515 2844 Scriptum
1559 2759 1655 2845 apud
1698 2757 1897 2824 Eboracum
1954 2757 2017 2842 xiij
2078 2757 2136 2823 die

628 2894 784 2980 Augusti
808 2913 903 2961 anno
926 2894 1029 2979 regni
1052 2895 1148 2980 regis
1172 2891 1373 2984 E[dwardi]
1396 2893 1462 2959 filii
1487 2894 1603 2981 Regis
1627 2891 1808 2985 H[enrici]
1833 2893 1922 2980 xiiij.
1965 2893 2033 2961 Vel
2055 2903 2140 2979 post

393 3049 597 3102 conuersus
627 3032 789 3098 mandari
825 3033 891 3099 sub
920 3031 1118 3100 breuiorum
1147 3033 1266 3099 verbis
1295 3031 1333 3098 in
1360 3032 1562 3099 huiusmodi
1591 3053 1676 3099 casu
1710 3033 1761 3098 sic
1774 3031 1978 3099 :-Dilectis
2011 3029 2136 3096 amicis

393 3113 602 3230 Lili‘ffiffl
628 3169 702 3236 suis
725 3167 904 3254 preposito
927 3178 963 3235 st
989 3168 1135 3236 ciuibus
1156 3169 1417 3236 Parisiensibus
1441 3169 1700 3236 honestissimis
1725 3179 1762 3236 st
1786 3169 1944 3236 eiusdem
1969 3166 2134 3236 ciuitatis

409 3254 590 3361 Pnffssrrmsr.
628 3305 892 3386 Communitati,
928 3305 983 3372 sui
1021 3307 1127 3373 amici
1165 3307 1284 3374 Maior
1312 3317 1348 3374 et
1376 3305 1482 3376 Ciues
1511 3307 1670 3375 London.
1705 3315 1743 3373 et
1775 3306 1934 3372 eiusdem
1972 3303 2137 3371 Ciuitatis

627 3444 870 3512 Communitas
912 3446 1074 3512 salutem.
1128 3442 1223 3529 Quia
1256 3445 1434 3530 quoddam
1469 3445 1638 3531 placitum
1672 3445 1805 3528 pendet
1839 3444 1876 3508 in
1910 3441 2068 3529 presenti
2097 3441 2136 3507 in

625 3581 785 3668 gildaula
813 3591 935 3648 nostra
969 3581 1015 3648 de
1048 3583 1203 3667 quodam
1240 3583 1360 3649 debito
1393 3583 1444 3648 xl.
1479 3583 1648 3650 librarum
1684 3581 1776 3648 inter
1805 3580 1925 3647 Adam
1961 3578 2136 3646 Bernardi

624 3726 852 3786 mercatorem
889 3726 1093 3803 querentem
1122 3738 1169 3784 ex
1197 3728 1298 3804 parte
1328 3739 1411 3800 vna,
1440 3729 1477 3786 et
1511 3719 1731 3786 Bernardum
1760 3718 1841 3784 Ade
1874 3716 2133 3784 deffendentem

622 3875 669 3922 ex
697 3858 810 3922 altera
837 3863 875 3922 et
901 3857 995 3922 vnde
1026 3855 1120 3921 idem
1143 3855 1346 3924 Bernardus
1375 3856 1582 3943 dicitquod
1611 3857 1706 3922 idem
1735 3857 1854 3923 Adam
1883 3857 2000 3941 ipsum
2034 3855 2136 3934 alias,

624 3994 759 4060 scilicet
783 3993 893 4061 Anno
921 3993 1056 4060 domini
1082 3991 1138 4060 Μο
1168 3992 1223 4060 cc⁰
1251 3993 1449 4080 lmus)
1483 3994 1674 4081 Regnique
1692 3995 1786 4060 clara
1808 3991 1976 4060 memorie
2002 3991 2137 4056 domini

623 4130 781 4217 Philippi
806 4129 954 4197 illustris
980 4131 1095 4216 Regis
1117 4129 1263 4198 ffrancie
1287 4131 1347 4196 xv¹
1375 4150 1494 4197 coram
1521 4131 1701 4222 preposito
1723 4141 1761 4197 et
1784 4129 1931 4200 Ciuibus
1958 4127 2136 4195 Parisien·

479 4297 489 4306 ·
624 4267 723 4335 sibus
752 4267 790 4332 in
820 4265 928 4334 Gilda
955 4266 1052 4334 Aula
1079 4267 1273 4334 Parisiensi
1303 4269 1349 4334 de
1372 4268 1497 4335 eodem
1521 4267 1653 4354 placito
1680 4267 1925 4354 implacitauit.
1971 4265 2019 4332 Et
2045 4266 2138 4349 quod

624 4404 701 4488 ipae
731 4422 795 4488 per
824 4403 1148 4471 consideracionem
1176 4405 1334 4472 eiusdem
1365 4403 1469 4472 Curia
1498 4425 1522 4472 a
1555 4405 1715 4492 predicto
1752 4402 1873 4469 debito
1899 4410 1936 4469 et
1978 4401 2136 4467 eiusdem

624 4540 892 4607 examinacione
946 4541 1139 4608 exaccione
1178 4561 1241 4609 seu
1281 4543 1472 4609 demanda²
1519 4543 1776 4628 imperpetuum
1819 4559 1941 4605 versus
1985 4539 2137 4604 eundem
2184 4608 2186 4612 ,

622 4678 743 4745 Adam
772 4679 916 4745 recessit
945 4678 1086 4765 quietus
1115 4697 1180 4744 vos
1209 4680 1257 4744 ad
1285 4675 1485 4744 consimilia
1509 4675 1680 4742 mandata
1701 4675 1916 4742 intermutua
1939 4674 2137 4760 optinenda

623 4837 803 4905 rogamus,
832 4817 927 4900 quod
955 4816 1126 4882 scrutatis
1156 4814 1282 4881 rotulis
1318 4824 1355 4880 et
1391 4813 1472 4879 aliis
1501 4812 1739 4879 memorandis
1767 4812 1894 4878 vestris
1922 4814 1967 4877 de
1996 4810 2138 4896 placitis

623 4960 661 5026 in
696 4956 856 5045 predicta
890 4955 1052 5043 gildaula
1082 4954 1272 5041 parisiensi
1308 4974 1352 5020 ea
1389 4975 1458 5040 que
1499 4953 1651 5021 inueniri
1691 4953 1729 5019 in
1769 4951 1921 5020 eisdem¹
1947 4949 2135 5036 contigerit

942 5127 952 5160 ¹
971 5125 1523 5194 nentemdrsgndyernarednellul.
1590 5125 1602 5156 ⁸
1621 5125 1682 5176 MS.
1694 5123 1826 5176 dmrnde.
