5224 6596
834 841 931 934 ebe
954 837 1093 928 little
1117 836 1216 928 nco
1240 836 1369 928 Boot
1394 837 1445 927 ot
1474 835 1662 928 sesni.
1934 852 2002 939 1⁶7

498 1052 591 1124 infre
615 1053 835 1140 procinctum
859 1051 944 1120 vilis
967 1051 1125 1138 predicte
1149 1049 1330 1118 Bristollie
1352 1048 1641 1137 provenientibus
1663 1051 1738 1120 sive
1762 1053 2005 1124 occidentibus

498 1211 579 1260 curn
608 1191 774 1259 omnibus
806 1191 854 1258 ed
888 1210 934 1258 ee
969 1189 1273 1274 qualitercumque
1308 1197 1347 1255 et
1382 1188 1598 1275 ubicumque
1636 1197 1676 1256 ut
1714 1189 1911 1276 predictum
1949 1203 2006 1262 est

498 1326 769 1414 pertinentibus.
828 1325 878 1392 Et
912 1324 1026 1392 edam
1053 1324 1150 1411 quod
1179 1322 1288 1391 iidem
1317 1323 1435 1391 Maior
1462 1334 1499 1392 et
1527 1323 1774 1393 communitas
1802 1337 1840 1394 et
1868 1347 2006 1398 sucees-

498 1484 597 1534 sores
639 1465 696 1534 sui
738 1466 907 1546 habeant,
948 1463 1099 1531 durante
1138 1462 1213 1530 vita
1252 1473 1387 1543 nostra,
1424 1463 1546 1530 omnia
1583 1461 1686 1546 fines,
1729 1467 2005 1557 redempciones,

498 1603 616 1670 exitum
643 1601 864 1682 fodsiactoq
878 1599 1164 1680 smerciaments,
1186 1598 1436 1679 forisfacturas,
1459 1608 1497 1666 et
1517 1599 1590 1666 alis
1610 1598 1768 1686 prolicua
1787 1623 2008 1694 quecumque

498 1740 537 1808 in
565 1741 750 1808 itineribus
778 1739 823 1807 de
850 1738 982 1806 foresta
1010 1756 1074 1804 sen
1101 1737 1244 1804 racione
1272 1737 1474 1804 eorumdem
1504 1735 1680 1818 itinerum,
1709 1748 1784 1808 tam
1805 1761 1871 1829 pro
1892 1751 2008 1811 bens—

498 1875 743 1966 gressionibus
773 1877 819 1943 de
846 1873 952 1943 viridi
988 1883 1025 1942 et
1059 1873 1254 1941 venacione
1288 1893 1396 1958 quam
1433 1891 1498 1958 pro
1533 1871 1665 1942 delicto
1699 1883 1737 1944 et
1772 1879 1890 1946 causis
1925 1879 2009 1948 aliis

497 2013 788 2099 quibuscumque,
829 2009 1132 2097 qualitercumque
1174 2007 1423 2094 provenientia
1467 2016 1536 2076 seu'
1574 2013 1798 2100 emergencia
1839 2014 1880 2082 in
1921 2016 2011 2084 ville

497 2150 657 2236 predicta
692 2149 863 2230 Bristoll.‚
898 2168 1037 2216 necnon
1073 2148 1112 2215 in
1147 2147 1313 2216 omnibus
1348 2158 1386 2216 et
1415 2148 1569 2238 singtilis
1597 2151 1685 2220 locis
1712 2161 1750 2220 et
1777 2149 1890 2218 feodis
1917 2151 2013 2220 infra

496 2285 717 2372 procinctum
753 2284 914 2352 eiusdem
949 2283 1035 2352 ville
1073 2293 1115 2351 ut
1142 2283 1339 2370 predictum
1368 2294 1437 2352 est.
1479 2283 1540 2352 Ita
1567 2287 1663 2373 quod
1692 2287 1798 2355 iidem
1827 2286 1946 2354 Maior
1973 2297 2012 2354 et

498 2417 742 2488 Communitas
770 2427 807 2486 et
834 2437 1056 2486 successores
1085 2418 1152 2498 sui.
1181 2418 1333 2486 durante
1360 2420 1436 2486 vita
1463 2429 1598 2502 nostra,
1619 2421 1777 2490 habeant
1796 2443 1861 2510 per
1881 2443 2012 2491 manus

496 2555 707 2624 ballivorum
736 2565 774 2622 et
801 2554 1042 2624 ministrorum
1072 2574 1216 2622 suorum
1238 2553 1340 2634 fines,
1362 2556 1637 2642 redempciones,
1659 2559 1776 2626 exitus
1796 2552 2007 2644 forisfactos,

497 2693 782 2772 emercismenta,
811 2691 1053 2760 forisfacturas
1088 2701 1125 2760 et
1153 2693 1225 2760 alia
1252 2690 1410 2778 prolicua
1438 2693 1598 2779 predicta
1622 2695 1668 2762 de
1692 2695 1765 2764 illis
1799 2696 1863 2782 qui
1897 2697 1936 2764 in
1972 2706 2012 2764 et

498 2834 544 2899 de
570 2831 659 2898 villa
685 2829 847 2898 Bristoll.
876 2840 914 2898 et
950 2830 1130 2898 suburbiis
1169 2829 1340 2909 eiusdem,
1368 2829 1548 2914 romeriis,
1575 2830 1690 2913 terris,
1726 2832 1938 2901 tenementis
1973 2843 2012 2900 et

498 2969 581 3036 eliis
608 2967 696 3035 locis
731 2977 769 3035 et
802 2965 918 3034 feodis
954 2965 1123 3052 predictis
1163 2965 1255 3034 infra
1293 2966 1513 3052 procinctum
1550 2969 1636 3038 ville
1675 2971 1832 3058 predicte
1869 2973 2010 3055 fuerint,

471 3121 475 3132 ·
499 3108 625 3174 Castro
661 3115 698 3174 et
725 3106 870 3174 fossatis
898 3102 1056 3171 eiusdem
1086 3101 1204 3170 Castri
1233 3103 1404 3188 exceptis,
1429 3122 1494 3189 per
1521 3114 1701 3174 extractas
1728 3107 2009 3191 Justiciariorurn

498 3243 744 3312 itinerancium
774 3243 819 3310 de
847 3242 989 3310 forestis
1019 3249 1056 3308 et
1080 3240 1230 3308 aliorum
1259 3238 1542 3324 Justicieriorum
1571 3241 1818 3310 itinerandum
1851 3252 2011 3312 metuen-

498 3380 636 3448 dissimi
665 3378 801 3446 domini
826 3379 897 3446 mei
926 3378 1044 3465 Regis
1071 3387 1108 3443 et
1136 3378 1306 3444 heredum
1336 3395 1480 3443 suornm
1511 3375 1550 3442 in
1572 3377 1757 3446 itineribus
1779 3377 1853 3446 suis
1875 3378 2010 3447 eisdem

498 3517 642 3585 ballivis
670 3525 707 3583 et
735 3514 907 3582 ministris
935 3513 1109 3581 dictorum
1138 3511 1288 3580 Maiorls
1315 3523 1353 3579 et
1387 3511 1660 3580 Communitatis
1694 3524 1732 3580 et
1767 3533 2009 3583 successorum

499 3673 641 3723 suorum
670 3653 717 3720 ed
745 3661 859 3720 totam
888 3649 999 3716 vitam
1034 3657 1192 3716 nostram
1235 3647 1318 3714 inde
1354 3646 1557 3715 liberandas
1593 3649 1722 3729 levare,
1758 3649 1938 3736 percipere
1973 3659 2012 3719 et

497 3792 631 3858 habere
679 3799 841 3875 possunt,
893 3797 930 3854 et
979 3803 1105 3852 omnes
1155 3780 1258 3865 fines,
1310 3784 1586 3869 redempcionis,
1630 3783 1751 3852 exitus
1801 3785 2010 3870 forisfactus,

499 3928 784 4010 amerciamenta‚
813 3923 1053 3992 forisfacturas
1082 3931 1119 3988 et
1148 3921 1221 3988 elia
1248 3925 1406 4007 prolicua
1434 3919 1595 4007 predicta
1622 3920 1668 3988 de
1696 3920 1860 4008 illisqui
1880 3921 2012 3991 nterim

497 4064 543 4131 de
570 4075 606 4132 et
635 4064 674 4130 in
703 4063 800 4130 dicta
826 4062 914 4128 villa
941 4058 1098 4126 Bristoll
1127 4067 1165 4124 et
1193 4057 1388 4124 surburbiis
1425 4055 1596 4136 eiusdem,
1633 4066 1676 4123 ut
1710 4055 1908 4143 predictum
1943 4066 2013 4140 est,

498 4219 636 4269 necnon
656 4199 835 4281 dominiis,
857 4195 1036 4276 maneriis,
1058 4195 1173 4278 terris,
1195 4194 1418 4275 tenementis,
1436 4193 1526 4262 locis
1544 4203 1583 4260 et
1599 4191 1712 4261 feodis
1733 4189 1902 4280 predictis
1918 4191 2012 4260 infra

497 4339 717 4426 procinctum
753 4335 910 4404 eiusdem
946 4333 1032 4401 ville
1062 4331 1246 4400 Bristollie
1274 4341 1312 4399 et
1340 4330 1509 4399 suburbia
1543 4329 1702 4398 eiusdem
1737 4338 1779 4397 ut
1813 4327 2011 4416 predictum

499 4484 554 4542 est
581 4475 802 4542 habeantet
830 4470 1029 4558 percipient
1057 4468 1106 4536 ad
1135 4467 1351 4536 scaccarium
1386 4466 1537 4554 predicti
1569 4465 1851 4536 memordissimi
1875 4463 2013 4534 domini

498 4615 570 4681 mei
600 4613 717 4701 Regis
748 4620 786 4678 et
816 4609 985 4676 heredum
1023 4625 1167 4672 suorum
1202 4623 1267 4691 per
1303 4623 1432 4670 manus
1469 4602 1690 4672 vicecomitis
1725 4612 1764 4669 et
1799 4601 2012 4670 ballivorum

499 4753 704 4820 libertatum
744 4748 783 4815 in
823 4763 972 4835 quornm
1015 4740 1160 4810 ballivis
1194 4738 1326 4808 fuerim
1361 4739 1454 4806 sicut
1488 4738 1668 4825 predictus
1703 4736 2017 4808 metuendissimus

501 4888 666 4958 dominus
693 4904 795 4954 meus
825 4883 910 4951 Rex
942 4891 979 4948 et
1016 4879 1166 4946 heredes
1200 4876 1257 4945 sui
1291 4877 1514 4964 perciperent
1549 4876 1581 4942 si
1616 4875 1664 4942 ad
1700 4875 1818 4962 ipsum
1855 4881 2017 4942 metuen-

500 5025 686 5094 dissimum
714 5020 897 5090 dominum
928 5036 1046 5085 meum
1078 5013 1220 5102 Regem
1258 5024 1297 5081 et
1331 5011 1480 5081 heredes
1516 5031 1599 5080 suos
1634 5011 1813 5100 pertinere
1847 5019 2017 5100 potenmt

500 5164 580 5232 sine
616 5159 802 5229 occasione
840 5157 899 5224 vel
942 5151 1197 5241 impedimento
1242 5151 1395 5239 predicti
1439 5149 1721 5219 metuendissimi
1762 5147 1900 5218 domlnl
1942 5147 2015 5216 mei
