5224 6596
866 875 964 968 obe
987 875 1126 967 little
1150 875 1248 967 lieo
1273 874 1402 966 soon
1427 874 1478 966 ot
1507 875 1692 968 tinctu.
1962 885 2032 976 189

530 1097 566 1154 et
608 1086 755 1156 hamum
798 1089 1046 1158 Kalundarum
1086 1091 1124 1159 in
1167 1089 1328 1158 custodia
1371 1089 1516 1178 majoris
1558 1102 1596 1158 et
1638 1091 1903 1158 communitatis
1945 1091 2033 1160 ville

529 1224 710 1294 Bristollie
731 1227 861 1294 dimisi.
904 1225 1065 1296 Tertiam
1086 1246 1170 1294 vero
1190 1236 1328 1314 partem
1351 1227 1509 1313 ejusdem
1534 1233 1631 1294 carte
1655 1224 1819 1294 similiter
1843 1225 2032 1314 consigna·

530 1373 604 1430 tam
641 1363 762 1450 sigillo
798 1361 903 1431 officii
938 1363 1151 1452 majoritatis
1185 1363 1343 1452 predicte
1374 1373 1412 1432 et
1441 1339 1619 1432 communi
1648 1363 1767 1452 sigillo
1797 1363 2033 1450 predictorum

529 1500 656 1586 prioris
694 1510 732 1569 et
766 1499 914 1568 fratrum
953 1501 1202 1569 Kalundarum
1238 1510 1275 1568 et
1309 1501 1503 1568 decanatus
1538 1501 1720 1568 Bristollie
1755 1499 1793 1566 in
1830 1499 2031 1567 custodiam

527 1635 820 1722 parochianorum
856 1635 950 1704 dicte
985 1637 1134 1705 ecclesie
1162 1636 1287 1706 Sancti
1316 1635 1491 1724 Stephani
1518 1647 1556 1705 et
1583 1645 1849 1724 procuratorum
1878 1636 2029 1705 duorum

527 1767 648 1836 dimisi
685 1769 960 1837 custodiendam.
1019 1771 1153 1840 Datum
1192 1771 1373 1841 Bristollie
1411 1772 1470 1840 die
1511 1773 1650 1841 veneris
1689 1773 1728 1842 in
1764 1773 1855 1842 festo
1898 1771 2032 1843 Sancte

528 1905 702 1972 Katerine
744 1905 905 1994 Virginis
941 1901 1000 1998 [25
1036 1905 1156 2000 Nov.],
1197 1927 1292 1978 anno
1328 1909 1463 1976 domini
1492 1908 1543 1976 M.
1573 1908 1823 1991 tricentesimo‚
1852 1909 2031 1976 tricesimo

527 2050 664 2126 quarto,
707 2048 745 2108 et
794 2061 889 2111 anno
932 2043 1036 2132 regni
1077 2045 1173 2130 regis
1216 2043 1382 2110 Edwardi
1424 2043 1525 2112 tercii
1575 2064 1599 2111 a
1647 2055 1842 2134 conquestu
1892 2057 2030 2116 octauo.

528 2176 613 2246 Hiis
630 2179 811 2262 -testibus,
848 2177 994 2266 Rogero
1029 2178 1160 2260 Turile,
1208 2189 1294 2247 tunc
1341 2179 1479 2266 Maiore
1513 2181 1599 2248 ville
1634 2181 1827 2265 Bristollie,
1871 2183 2032 2254 Roberto

528 2313 651 2382 Guene
678 2325 716 2382 et
744 2313 907 2383 Roberto
934 2317 981 2384 de
1007 2316 1223 2405 Wryngtom
1252 2327 1338 2384 tunc
1365 2318 1523 2404 ejusdem
1551 2318 1635 2387 ville
1664 2319 1826 2402 Balliuis,
1849 2323 2032 2392 willelmo

528 2451 734 2540 Rsndolph,
762 2451 946 2520 Willelmo
971 2455 1017 2521 de
1045 2453 1138 2535 Axe,
1168 2453 1325 2541 Hugone
1361 2455 1407 2523 de
1442 2455 1740 2544 Langehryngge,
1778 2457 1962 2528 Eborardo
1997 2461 2033 2528 le

526 2588 741 2676 Frauncsys,
777 2588 941 2673 Johanne
981 2590 1026 2656 de
1069 2587 1300 2676 Axeomgge,
1346 2599 1551 2670 mercatore,
1591 2589 1755 2674 Johanne
1798 2601 1851 2658 att
1901 2589 2031 2674 walle,

524 2725 689 2810 Johanne
717 2725 931 2813 Fraunceys,
961 2725 1110 2807 seniore,
1140 2725 1325 2794 Richardo
1352 2723 1519 2792 Edmund
1548 2736 1585 2793 et
1615 2726 1705 2794 aliis.

582 2971 616 3048 C
616 2970 919 3050 OMPOSICIO
971 2971 1266 3048 CANTARIE
1316 2971 1609 3066 JOHANNIS
1657 2971 1844 3050 STOKE
1895 2969 1984 3074 [IN

864 3123 1148 3200 ECCLESIA
1202 3121 1415 3200 SANCTI
1464 3121 1692 3226 THOME].

655 3291 844 3361 Uniuersis
865 3289 997 3360 Christi
1018 3291 1182 3358 fidelihus
1203 3301 1403 3376 presentem
1426 3299 1560 3357 cartam
1579 3291 1798 3359 indentatam
1819 3291 2029 3378 inspecturis
2054 3310 2197 3363 cmmr
2218 3322 2257 3363 or

523 3426 582 3492 vel
607 3427 789 3508 audituris,
829 3427 1032 3494 Wilielmus
1071 3427 1272 3515 Canynges,
1309 3426 1493 3494 Walterus
1529 3427 1663 3514 Derhy,
1703 3427 1907 3515 Burgenses
1945 3428 2029 3496 ville
2053 3374 2134 3445 Im
2150 3375 2255 3429 sm

523 3561 714 3643 Bristollie,
743 3562 895 3629 salutem
924 3563 962 3630 in
990 3564 1145 3631 domino.
1189 3561 1322 3632 Sciatis
1350 3563 1445 3649 quod
1481 3564 1526 3630 de
1562 3563 1711 3630 licencia
1747 3565 1882 3632 domini
1917 3565 2028 3632 nostri

523 3697 672 3765 Ricardi
712 3696 829 3784 Regis
866 3698 1001 3787 Anglie
1039 3700 1183 3767 secundi
1227 3709 1309 3785 post
1355 3711 1596 3785 conquestum,
1642 3701 1728 3766 data
1770 3702 1866 3785 apud
1909 3701 2028 3770 West·

523 3837 786 3918 monasterium,
828 3837 1090 3923 quintodecimo
1127 3837 1186 3905 die
1224 3837 1363 3920 Marcii,
1394 3858 1489 3905 anno
1526 3836 1628 3924 regni
1665 3835 1721 3901 sui
1758 3849 1860 3904 sexto
1897 3831 2027 3928 [¹3⁸3]-

522 3971 695 4054 dedimus,
710 3977 947 4042 concessimus
961 3986 998 4042 et
1010 3978 1080 4043 hac
1098 3976 1255 4062 presenti
1276 3987 1375 4042 carta
1396 3987 1518 4041 nostra
1539 3971 1824 4042 confirmauimus
1838 3995 1904 4060 pro
1925 3975 2029 4042 nobis

521 4119 559 4177 et
587 4110 776 4178 heredibus
804 4112 935 4179 nostris
971 4111 1229 4197 imperpetuum
1262 4111 1399 4176 Th0me
1427 4110 1562 4176 Borton
1595 4118 1632 4176 et
1660 4107 1816 4192 Johanni
1848 4108 2028 4192 wontord,

522 4247 727 4332 capellanis,
756 4259 793 4316 et
822 4268 943 4316 eorum
972 4249 1234 4316 successorihus
1262 4247 1457 4333 capellanis
1494 4247 1752 4332 imperpetuum
1789 4254 1903 4312 totum
1940 4245 2029 4314 illud

521 4383 744 4469 mesuagium
788 4393 947 4451 nostrum
991 4397 1157 4451 vocatum
1201 4383 1492 4471 Berewylryshyn
1543 4401 1623 4450 cum
1674 4381 1902 4467 pertinenciis
1952 4384 2028 4452 suis

522 4519 697 4586 uniuersis
733 4521 770 4588 in
807 4522 975 4589 suburbio
1013 4521 1195 4588 Bristollie
1234 4523 1272 4588 in
1311 4521 1616 4608 Redeclyuestret,
1655 4518 1748 4585 inter
1787 4529 2026 4588 tenementum

520 4655 699 4740 quondam
727 4655 863 4723 Th0me
885 4656 1031 4725 Cclston
1053 4677 1099 4723 ex
1120 4669 1221 4744 parte
1242 4677 1323 4739 vna,
1346 4669 1383 4723 et
1404 4655 1626 4742 mesuagium
1647 4656 1827 4740 quondam
1850 4653 2025 4742 Stephani

519 4788 646 4877 Spicer
680 4812 727 4860 ex
762 4803 865 4879 parte
899 4795 1021 4862 altera
1081 4792 1256 4861 Dedimus
1293 4793 1406 4861 eciam
1443 4805 1479 4859 et
1515 4791 1754 4860 concessimus
1793 4803 1830 4859 et
1869 4793 2026 4878 presenti

519 4937 619 4994 cama
646 4939 769 4998 nostra
797 4929 1084 4999 confirmauimus
1112 4931 1245 4999 eisdem
1273 4930 1410 4997 Th0me
1431 4929 1566 4998 Borton
1586 4938 1625 4996 et
1643 4927 1799 5011 Johanni
1821 4926 2024 5010 wodeford,

520 5065 725 5150 capellanis,
755 5079 793 5134 et
820 5087 942 5135 eorum
971 5069 1233 5137 successoribus
1267 5068 1463 5154 capellanis
1495 5065 1751 5152 imperpetuum
1787 5075 1901 5132 totum
1937 5064 2026 5134 iliud

520 5203 741 5290 mesuagium
785 5213 945 5272 nostrum
988 5205 1105 5274 eidem
1149 5207 1335 5294 mesuagio
1377 5223 1567 5285 menum,
1611 5221 1691 5270 cum
1734 5201 1899 5270 omnibus
1951 5204 2026 5272 suis
