5224 6596
610 805 682 897 196
947 793 1044 886 dte
1068 793 1207 885 little
1234 793 1333 884 ileo
1359 791 1487 884 Boot
1512 792 1563 891 ot
1592 794 1779 886 annot

600 1029 724 1078 eorum
754 1029 834 1076 cnm
863 1011 911 1077 ab
939 1010 1010 1076 bac
1034 1011 1113 1078 luce
1142 1007 1385 1096 migrauerint,
1414 1016 1452 1076 et
1479 1025 1545 1094 pro
1573 1017 1670 1076 statu
1691 1009 1837 1098 majoris
1861 1020 1897 1078 et
1918 1014 2109 1098 proborum

599 1144 785 1212 bominum
817 1143 902 1210 villa
936 1143 1129 1226 Bristoliie,
1164 1110 1304 1212 necnon
1339 1163 1405 1232 pro
1433 1145 1622 1214 animabus
1649 1145 1817 1216 Edwardi
1853 1167 1967 1236 nuper
1995 1151 2111 1240 Regis

600 1282 737 1369 Anglic
766 1292 802 1348 et
836 1281 1102 1370 progenitorum
1134 1301 1288 1361 auorum,
1326 1299 1368 1348 ac
1405 1280 1517 1350 ecum
1554 1291 1741 1368 parentum
1776 1292 1814 1350 ct
1849 1284 2112 1354 benefactorum

604 1415 690 1484 eice
718 1415 893 1484 choma
913 1414 1307 1484 connumeratum
1329 1415 1574 1486 aennon-um
1597 1421 1836 1490 manebunt.
1881 1423 1930 1491 at
1951 1393 2114 1494 simmia

605 1557 755 1642 predicti
790 1553 975 1642 capellani
1011 1565 1048 1624 et
1083 1575 1203 1624 eorum
1241 1573 1461 1624 successores
1505 1555 1677 1624 interesse
1713 1558 1844 1626 debent
1880 1559 1919 1626 in
1954 1561 2114 1628 ecclesiis

604 1695 772 1780 predictis
801 1694 847 1760 ad
876 1693 1071 1760 matutinas
1097 1701 1135 1763 et
1163 1695 1211 1760 ad
1235 1711 1406 1778 magnam
1435 1691 1580 1759 missam
1610 1703 1646 1760 et
1676 1693 1723 1758 ad
1748 1712 1872 1760 omnes
1893 1692 1984 1762 alias
2004 1695 2111 1764 horas

606 1829 805 1898 Canonicas
848 1830 918 1896 nisi
960 1829 1188 1898 racionabilis
1230 1849 1339 1898 causa
1382 1838 1420 1899 et
1460 1830 1559 1915 J'usta
1601 1849 1665 1898 eos
1706 1841 1864 1900 accusat
1926 1832 1975 1900 Et
2016 1833 2112 1920 quod

604 1967 753 2055 predicti
782 1965 967 2054 Capellani
996 1967 1058 2054 qui
1086 1986 1151 2053 pro
1180 1978 1339 2054 tempore
1367 1965 1497 2034 fuerim
1525 1986 1598 2033 non
1635 1967 1857 2036 devillabunt
1884 1970 1976 2036 vltra
2003 1989 2111 2037 vnam

604 2115 744 2172 noctem
772 2105 850 2172 sine
874 2105 974 2191 justa
1000 2124 1120 2186 causa
1148 2105 1303 2172 honesta
1331 2114 1367 2172 et
1395 2103 1607 2186 neccssaria,
1636 2115 1673 2174 ct
1710 2115 1795 2174 tunc
1829 2125 1895 2194 per
1925 2107 2110 2176 licenciam

604 2241 755 2310 Rcberti
784 2241 908 2330 Gyene
935 2260 1001 2328 pro
1029 2251 1186 2328 ternpore
1215 2243 1289 2310 vite
1317 2262 1380 2312 sue
1408 2244 1466 2310 vel
1496 2243 1573 2329 eius
1609 2245 1726 2312 locum
1762 2245 1927 2326 tenentis,
1957 2255 1994 2314 et
2028 2259 2110 2332 post

605 2387 753 2446 mortem
796 2379 873 2464 ejus
907 2397 973 2464 per
1007 2378 1192 2448 licenciam
1229 2381 1374 2467 majoris
1415 2381 1500 2448 ville
1537 2381 1718 2450 Bristoliie
1753 2383 1816 2469 qui
1851 2402 1918 2471 pro
1953 2393 2112 2470 tempore

602 2515 707 2582 fiuerit
735 2515 792 2582 vel
819 2515 897 2602 ejus
925 2516 1042 2584 locum
1070 2517 1236 2598 tenentis,
1265 2528 1302 2586 ct
1329 2538 1395 2604 pro
1425 2517 1492 2586 tali
1520 2539 1631 2586 causa
1659 2518 1809 2588 licencia
1830 2540 1904 2588 non
1931 2521 2039 2588 debet
2059 2521 2112 2588 eis

501 2615 504 2624 Ι
603 2647 783 2738 denegari.
827 2649 876 2716 Et
904 2651 999 2737 quod
1027 2651 1177 2738 predicti
1205 2651 1390 2740 Capeliani
1415 2653 1478 2740 qui
1506 2673 1572 2740 pro
1601 2664 1760 2741 tempore
1787 2655 1917 2724 literht
1946 2657 2052 2724 simul
2073 2657 2111 2724 in

602 2809 674 2856 vna
703 2791 809 2857 domo
836 2789 1050 2858 habitabunt
1079 2799 1116 2856 et
1152 2792 1200 2857 ad
1235 2811 1341 2859 mam
1379 2809 1540 2858 mensam
1577 2801 1613 2857 et
1649 2791 1696 2858 ad
1731 2809 1840 2858 unam
1875 2811 2110 2873 communem,

601 2928 659 2992 vel
687 2927 813 2992 saltem
843 2927 914 2994 duo
942 2924 1016 3012 qui¹
1044 2929 1225 2995 celebrant
1254 2929 1293 2995 in
1322 2923 1462 3015 cap‘elln
1491 2929 1596 2996 beate
1624 2927 1739 2994 Maria
1767 2927 1814 2996 de
1841 2928 1879 2994 ia
1906 2927 2112 3018 Redeclyue

603 3061 719 3142 simul,
745 3072 782 3128 et
807 3064 878 3130 duo
903 3064 965 3150 qui
994 3065 1174 3132 celebrant
1203 3065 1241 3134 in
1269 3065 1420 3132 ecclesie
1449 3067 1547 3134 beati
1572 3066 1747 3150 Nicholai.
1775 3066 1967 3148 Bristollie,
1994 3067 2110 3136 simut

602 3197 649 3264 Et
692 3199 788 3284 quod
828 3199 949 3268 omnia
991 3201 1176 3290 mesuagia
1215 3221 1279 3289 per
1317 3211 1452 3270 cartam
1491 3222 1557 3289 pro
1597 3203 1859 3272 sustentacionc
1901 3221 2023 3270 eorum
2058 3203 2112 3270 eis

602 3333 691 3400 satis
733 3333 771 3400 in
811 3335 976 3404 omnibus
1012 3337 1224 3406 necessariis
1259 3339 1510 3406 sustentabunt
1546 3348 1583 3406 et
1618 3340 1835 3426 reparabunt
1870 3347 2112 3426 competenter

602 3471 801 3558 sumptibus
830 3472 905 3540 suis
933 3493 997 3561 per
1024 3475 1140 3542 visum
1170 3475 1324 3544 Rcberti
1345 3474 1469 3564 Gyene
1490 3481 1573 3546 dum
1596 3477 1735 3559 vixerit,
1757 3485 1795 3544 ct
1814 3483 1941 3561 postea
1962 3475 2111 3562 Majoris

602 3606 782 3676 Bristollie
811 3608 873 3695 qui
908 3629 973 3696 pro
1009 3620 1168 3698 tempore
1203 3612 1330 3690 literit3
1369 3624 1406 3682 et
1437 3614 1596 3682 redditus
1632 3615 1678 3680 de
1712 3611 1882 3698 predictis
1918 3609 2111 3700 mesuagiis

599 3745 811 3830 proueniens
839 3755 876 3814 et
904 3746 1066 3816 similiter
1101 3749 1215 3818 tocius
1250 3749 1410 3818 redditus
1448 3751 1560 3820 assisa
1596 3749 1770 3836 equaliter
1805 3748 1899 3816 inter
1932 3747 2110 3833 predictos

600 3883 798 3970 sumptibus
813 3885 888 3952 suis
901 3904 966 3972 per
983 3887 1099 3954 visum
1118 3887 1271 3954 Rcberti
1286 3885 1410 3975 Gyane
1427 3889 1511 3956 dum
1533 3885 1662 3955 vixerit
1681 3885 1897 3971 capellanos
1916 3883 2106 3950 diuidatur.

599 4019 647 4086 Et
683 4023 778 4106 quod
821 4039 886 4108 per
927 4023 1154 4090 clleccionem
1197 4023 1371 4092 dictorum
1417 4023 1690 4110 Capellanorum
1735 4021 1798 4109 qui
1840 4039 1906 4108 pro
1949 4029 2108 4106 tempore

600 4156 740 4236 fuerint,
768 4177 862 4224 unus
897 4159 955 4226 vel
983 4159 1054 4225 duo
1090 4157 1231 4226 illorum
1268 4161 1341 4227 sint
1377 4159 1593 4247 principales
1630 4178 1695 4246 per
1728 4178 1838 4226 vnum
1875 4175 2008 4224 annum
2044 4173 2109 4242 pro

600 4293 696 4358 dicto
745 4293 885 4360 redditu
934 4294 1136 4382 colligendo
1178 4305 1215 4364 et
1257 4315 1323 4382 pro
1368 4295 1595 4364 ordinacione
1645 4293 1885 4384 reparacionis
1934 4294 2108 4362 dictorum

601 4431 862 4517 mesuagiorurn
890 4433 1063 4518 iacienda,
1092 4445 1129 4502 et
1157 4435 1219 4502 aiii
1247 4437 1318 4504 duo
1346 4455 1413 4524 pro
1441 4436 1597 4503 secundo
1626 4452 1732 4500 anno.
1778 4431 1828 4500 Et
1855 4432 1952 4518 quod
1980 4431 2108 4498 altaria

601 4578 810 4636 ornamenta
839 4569 878 4637 in
906 4589 978 4638 vnn
1003 4570 1099 4640 coire
1126 4572 1180 4640 eis
1200 4574 1362 4656 liberata,
1383 4573 1548 4641 videlicet
1569 4571 1764 4658 capellanis
1786 4571 1825 4637 in
1846 4569 1986 4658 capella
2005 4571 2112 4643 beate

599 4703 715 4772 Maris
735 4707 780 4772 de
801 4705 1007 4795 Redeclyue
1025 4711 1285 4780 celebrantibus
1305 4731 1414 4780 vnum
1434 4711 1578 4780 missale
1597 4707 1707 4796 precii
1727 4715 1879 4795 quatuor
1898 4724 2108 4790 mmmm»

597 4859 707 4906 vnum
737 4841 892 4910 Calicem
922 4863 1001 4910 cum
1031 4848 1182 4914 cocleari
1210 4858 1381 4936 argenteo
1417 4857 1453 4916 et
1489 4851 1697 4918 deauratum
1734 4845 1846 4932 precii
1877 4841 2008 4930 viginti
2043 4860 2108 4908 sex

598 4975 790 5044 solidonnn
818 4988 856 5044 et
883 4986 965 5046 octo
993 4980 1227 5066 denariorum,
1257 5003 1365 5051 vnum
1391 4985 1573 5070 corporale
1609 5000 1690 5051 cum
1718 4983 1828 5048 bursa
1856 4979 1968 5068 precii
1995 4977 2103 5046 trium

1273 5155 1284 5186 ²
1302 5153 1363 5207 MS.
1380 5169 1442 5225 quo.
