5224 6596
877 835 974 928 dbc
996 835 1135 927 little
1159 834 1258 927 ricc
1283 837 1412 929 boot
1436 837 1488 929 ot
1518 838 1703 932 ndstot
1969 849 2038 939 183

526 1049 691 1134 Johanne
710 1049 832 1119 uxoris
853 1071 916 1118 sue
937 1051 975 1119 in
997 1050 1158 1120 custodia
1179 1069 1246 1118 sus
1266 1051 1460 1120 existentes
1480 1051 1519 1119 in
1539 1053 1705 1121 omnibus
1727 1053 1801 1120 suis
1823 1054 2033 1124 neeessariis

526 1187 619 1255 bene
655 1195 693 1256 et
729 1189 895 1256 decenter
933 1188 1147 1282 sustentabit
1176 1199 1214 1256 et
1242 1198 1484 1276 competenter
1521 1187 1628 1256 faciet
1668 1187 1850 1258 informari
1886 1191 2035 1260 durante

524 1325 676 1394 termino
703 1325 873 1412 predicto.
917 1325 978 1394 Ad
1006 1345 1076 1415 que
1105 1327 1226 1396 omnis
1262 1325 1435 1412 premissa
1469 1321 1621 1392 fideliter
1652 1323 1817 1392 iacienda
1855 1325 2035 1412 predictus

524 1459 706 1544 Johennes
734 1459 856 1528 Brook
881 1459 1019 1550 obligat
1049 1481 1099 1545 se,
1127 1461 1277 1530 heredes
1305 1472 1342 1529 et
1371 1472 1575 1530 executores
1603 1481 1688 1529 suos
1715 1475 1759 1528 ec
1787 1459 1908 1529 omnia
1927 1462 2033 1542 bone,

524 1597 666 1679 catalla,
696 1608 809 1666 terres
837 1606 875 1666 et
898 1607 1102 1666 tenemente
1127 1617 1203 1678 sue,
1237 1599 1284 1666 ed
1320 1615 1618 1685 quorumcumque
1654 1615 1781 1664 manus
1816 1595 2036 1677 coemerint,

521 1731 723 1799 cohercioni
749 1742 789 1801 et
815 1733 1033 1800 districcioni
1061 1731 1211 1820 Maioris
1239 1734 1324 1802 ville
1352 1735 1509 1822 predicte
1536 1736 1599 1823 qui
1627 1754 1692 1820 pro
1721 1744 1881 1823 tempore
1915 1733 2032 1802 fuerit.

522 1866 571 1934 Et
610 1869 657 1936 ed
697 1869 868 1955 majorem
907 1869 1065 1938 omnium
1108 1869 1360 1958 premissorum
1403 1871 1627 1941 securitatem
1671 1873 1763 1940 bene
1801 1883 1839 1939 et
1877 1870 2029 1978 fideliter

519 2006 804 2093 perimplendem
832 2005 1015 2090 Johannes
1044 2006 1156 2095 Clyue
1189 2005 1379 2094 burgensis
1413 2008 1498 2075 ville
1534 2007 1715 2076 Bristollie
1750 2008 1958 2096 recognouit
1993 2027 2033 2075 se

523 2153 812 2230 manucaptorem
840 2153 877 2212 et
913 2142 1146 2232 principalem
1181 2145 1377 2213 debitorem
1415 2165 1480 2232 pro
1520 2145 1657 2242 profete
1695 2145 1859 2230 Johunne
1897 2145 2030 2212 Brook.

523 2276 582 2347 Ite
620 2280 716 2364 quod
754 2276 873 2365 Maior
910 2279 995 2348 ville
1037 2280 1219 2349 Bristoliie
1257 2282 1320 2369 qui
1357 2299 1423 2368 pro
1462 2295 1621 2366 tempore
1661 2279 1766 2349 fuerit
1807 2279 1885 2349 fieri
1921 2279 2032 2350 faciet

523 2415 689 2485 denarios
722 2415 902 2502 predictos
929 2418 975 2485 de
1002 2417 1108 2484 bonis
1141 2426 1179 2486 et
1214 2418 1365 2502 catellis,
1402 2419 1504 2486 terris
1540 2428 1577 2486 et
1612 2418 1826 2486 tenementis
1862 2417 1946 2498 suis,
1983 2417 2030 2484 ed

522 2569 823 2639 quorumcumque
850 2570 978 2620 manus
1005 2517 1222 2634 deuenerint,
1248 2555 1280 2621 si
1300 2553 1480 2642 predictus
1501 2554 1683 2639 Johannes
1710 2553 1831 2622 Brook
1851 2555 1890 2622 in
1911 2553 2032 2641 aliquo

522 2687 774 2776 premissorum
802 2687 968 2758 defecerit
992 2689 1097 2776 juxte
1125 2699 1283 2760 tenorem
1311 2699 1408 2760 carte
1432 2691 1568 2761 domini
1599 2691 1715 2780 Regis
1739 2693 1777 2760 in
1800 2691 1973 2760 auxilium
1994 2700 2031 2758 et

522 2825 679 2894 fauorem
708 2827 947 2913 orphanomm
976 2829 1061 2897 ville
1087 2829 1244 2918 predicte
1264 2829 1501 2918 burgensibus
1523 2829 1681 2917 ejusdem
1704 2831 1788 2897 ville
1812 2847 1988 2898 concesse.

757 3078 873 3157 PRO
925 3077 1216 3157 ORPHANIS
1264 3077 1556 3175 JOHANNIS
1602 3079 1808 3182 ERERE.

653 3246 724 3314 Die
758 3247 898 3314 veneris
931 3245 1094 3334 proximo
1125 3257 1209 3316 ante
1243 3245 1372 3315 festum
1401 3199 1527 3316 Sencti
1558 3233 1742 3353 laurentii
1778 3246 1938 3315 Mentiris
1972 3243 2033 3338 [to
2090 3275 2154 3327 For
2168 3285 2228 3327 m
2264 3291 2270 3302 ·

522 3381 649 3476 Aug.],
679 3403 774 3453 enno
798 3381 901 3472 regni
929 3381 1047 3472 Regis
1073 3381 1219 3452 Henrici
1247 3383 1341 3450 sexti
1369 3393 1452 3470 post
1487 3391 1718 3470 conquestum
1748 3381 1885 3470 Anglie
1916 3383 2031 3469 primo
2056 3337 2261 3470 ssffffiffi

525 3518 657 3613 [¹4²s]‚
674 3521 711 3588 in
727 3519 919 3609 Guyhaida
937 3519 1021 3588 ville
1034 3518 1217 3587 Bristollie
1236 3519 1274 3586 in
1294 3521 1401 3606 pleno
1420 3519 1618 3586 Hundredo
1638 3519 1771 3588 ibidem
1790 3529 1891 3589 tento
1912 3541 2030 3590 coram

522 3657 647 3726 Marco
684 3657 858 3740 Wdliam,
897 3655 1035 3744 Majore
1077 3656 1163 3724 ville
1206 3656 1397 3738 Bristoiiie,
1441 3665 1614 3724 venerunt
1656 3655 1838 3725 Robertus
1881 3655 2028 3738 Colvile,

509 3790 715 3872 merchant,
737 3801 773 3858 et
794 3791 951 3863 Th0mas
969 3792 1113 3882 Colyns,
1132 3793 1284 3876 Webbe,
1305 3792 1510 3880 Burgenses
1530 3793 1689 3880 ejusdem
1708 3792 1804 3873 ville,
1824 3801 2030 3862 executores

521 3929 726 3996 testamenti
752 3926 927 4013 Johennis
955 3928 1062 3996 Frere
1090 3929 1250 4010 senioris,
1291 3948 1404 4016 nuper
1439 3927 1628 4016 burgensis
1663 3929 1747 3996 ville
1787 3927 1956 4017 predicte,
1993 3938 2030 3996 et

519 4076 801 4153 recognouerunt
835 4085 876 4133 se
914 4064 1089 4154 reoepisse
1128 4065 1324 4134 custodiam
1359 4085 1544 4155 corporum
1585 4064 1738 4134 Roberti
1775 4066 1881 4134 Frere
1922 4067 2030 4134 etatis

516 4201 715 4270 octodecim
765 4221 938 4271 annorum
986 4211 1025 4272 et
1070 4203 1218 4272 Henrici
1263 4203 1371 4271 Frere
1424 4203 1533 4271 etatis
1585 4203 1786 4289 quindecim
1842 4222 2028 4286 annorum,

519 4339 709 4408 liberorum
737 4339 825 4408 dicti
851 4339 1026 4424 Johennis
1053 4339 1162 4408 Frere
1195 4341 1354 4423 senioris,
1386 4361 1539 4408 unacum
1575 4341 1813 4428 quadraginta
1848 4341 1950 4409 libris
1988 4343 2028 4410 in

518 4475 671 4563 pecunia
694 4486 881 4545 numerata
897 4497 962 4564 per
985 4479 1155 4563 majorem
1177 4486 1215 4546 et
1237 4479 1368 4563 probos
1392 4479 1555 4546 homines
1576 4478 1662 4547 ville
1679 4479 1837 4565 predicte
1858 4479 1904 4548 de
1921 4479 2026 4549 bonis

518 4621 557 4680 et
584 4613 723 4680 catallis
751 4613 910 4700 ejusdem
936 4613 1111 4698 Johannis
1139 4614 1246 4682 Frere
1271 4617 1432 4698 senioris,
1461 4617 1500 4684 in
1529 4626 1742 4684 testamento
1776 4637 1842 4685 suo
1878 4616 2027 4706 prefatis

519 4748 680 4818 Roberto
705 4750 812 4818 Fcere
832 4760 870 4818 et
894 4749 1052 4820 Henrioo
1076 4752 1184 4820 Frere
1206 4753 1401 4842 assignatis
1423 4764 1460 4821 et
1488 4753 1674 4830 ordinatis.
1699 4753 1863 4822 videlicet
1886 4755 2026 4844 utrique

519 4905 640 4954 eorum
668 4887 799 4974 viginti
826 4888 937 4958 libras
964 4890 1012 4957 ad
1040 4909 1103 4958 eas
1127 4891 1229 4958 saluo
1258 4891 1304 4958 ad
1333 4909 1424 4976 opus
1452 4889 1531 4977 ejus
1566 4889 1817 4959 custodiendos
1845 4911 2030 4979 quousque

519 5024 738 5110 septenam
766 5033 899 5094 etatem
928 5045 1030 5096 suam
1057 5027 1257 5113 peruenerit
1293 5037 1331 5094 et
1367 5027 1511 5096 easdem
1550 5025 1681 5114 viginti
1719 5027 1829 5096 libras
1867 5037 1952 5095 tunc
1993 5029 2028 5096 ei

519 5159 723 5230 liberandas
761 5173 799 5230 et
838 5163 1037 5232 soluendes.
1096 5161 1144 5232 Et
1184 5165 1216 5232 si
1255 5164 1385 5252 aliquis
1422 5165 1613 5234 eorundem
1652 5162 1806 5232 Roberti
1844 5162 1952 5232 Frere
1990 5175 2029 5231 et
