5294 6592
810 755 1346 920 omnitenentem
1372 827 1422 920 ot
1452 828 1639 923 emtor
1929 845 1979 937 ⁶⁵

469 1043 727 1110 observandum
748 1042 794 1111 de
815 1043 1068 1110 mercatoribus
1090 1043 1136 1109 ad
1158 1061 1379 1110 communem
1402 1044 1529 1130 legem.
1574 1043 1623 1112 Et
1644 1045 1676 1112 si
1696 1063 1848 1133 querens
1869 1059 1981 1120 testes

468 1178 560 1248 teies
593 1179 777 1246 nominare
805 1199 878 1248 non
914 1179 1033 1246 valeat
1062 1179 1124 1264 qui
1153 1188 1237 1247 sunt
1265 1177 1358 1247 infra
1384 1179 1524 1248 burdes
1553 1181 1699 1248 mercati
1724 1183 1985 1272 distringibiies

467 1325 552 1384 tunc
586 1317 742 1383 adducat
778 1335 899 1384 secum
934 1324 1045 1384 testes
1080 1335 1164 1383 suos
1198 1316 1289 1384 citra
1323 1315 1470 1404 terciam
1502 1319 1561 1386 vel
1587 1319 1634 1400 ed
1662 1319 1807 1388 terciam
1847 1322 1981 1392 curiam

467 1452 628 1537 proxime
668 1463 887 1538 sequentem,
925 1452 977 1520 ita
1014 1454 1111 1538 quod
1151 1453 1298 1521 terciam
1333 1454 1466 1522 curiam
1507 1456 1640 1524 hebeat
1674 1459 1720 1524 nd
1760 1459 1985 1544 probandum

467 1589 808 1660 demonstrscionen
838 1609 951 1670 suam,
980 1599 1017 1658 et
1042 1589 1113 1658 nisi
1136 1609 1218 1657 eam
1237 1591 1396 1678 plenarie
1419 1593 1623 1677 probauerit
1646 1593 1735 1660 citra
1757 1594 1902 1662 terciam
1923 1597 1982 1664 vel

449 1728 515 1832 ¹ad
554 1727 698 1794 terciam
750 1724 883 1794 curiam
927 1727 1070 1794 reoedat
1112 1726 1306 1794 defendens
1347 1728 1395 1795 ab
1439 1747 1483 1796 eo
1533 1729 1597 1796 illa
1639 1729 1717 1797 vice
1760 1731 1901 1816 quietus
1943 1744 1983 1799 et

468 1865 712 1932 adiudioentur
747 1827 906 1951 dampna
938 1863 1141 1933 defendenti
1174 1884 1239 1952 per
1270 1865 1523 1934 discrecionem
1554 1877 1786 1934 mercetomm
1821 1866 1978 1936 eiusdem

469 2001 584 2080 Curie,
614 2001 738 2069 habito
763 2006 928 2088 respectu
956 2001 1004 2069 sd
1032 2019 1161 2082 mores,
1191 2001 1396 2084 dilaciones,
1420 2021 1597 2088 expensas
1622 2017 1659 2070 et
1682 2005 1755 2072 alia
1783 2005 1990 2092 dispendia,

467 2149 503 2205 et
528 2139 843 2226 incommodaque
867 2139 961 2206 idem
987 2139 1180 2208 defendens
1207 2141 1335 2210 habuit
1363 2144 1550 2212 occasione
1577 2143 1780 2212 huiusmodi
1809 2142 1984 2210 attachia-

467 2274 578 2342 menti
606 2293 713 2360 super
732 2293 777 2342 eo
796 2275 892 2342 facti.
937 2276 984 2342 Et
1006 2277 1101 2362 quod
1122 2287 1252 2344 extunc
1273 2277 1312 2343 in
1333 2278 1431 2344 nulla
1453 2277 1561 2346 Curia
1582 2279 1791 2348 mercatoria
1815 2287 1980 2346 teneatur

468 2411 562 2480 idem
591 2409 756 2478 defensor
789 2410 904 2477 eidem
944 2411 1105 2498 querenti
1142 2413 1356 2498 respondere
1387 2415 1432 2480 de
1464 2415 1589 2482 eedem
1627 2415 1771 2500 querela
1814 2434 1861 2481 ex
1893 2433 1980 2499 que-

468 2565 607 2633 cunque
633 2567 742 2614 causs
766 2547 968 2632 peruenerit
995 2547 1200 2636 priusquam
1229 2552 1275 2617 de
1302 2549 1505 2619 huiusmodi
1521 2527 1699 2638 dampnis
1727 2550 1886 2638 plenarie
1910 2549 1984 2617 sibi

468 2683 687 2765 satisfecerit,
726 2693 763 2752 et
803 2683 1053 2752 nichilominus
1087 2687 1244 2772 dampna
1278 2687 1342 2754 illa
1382 2697 1570 2775 postquem
1607 2687 1812 2756 adiudiceta
1849 2685 1984 2754 fuerint

467 2821 671 2890 defendenti
713 2819 947 2888 incontinenti
977 2823 1150 2908 leuentur,
1191 2833 1228 2892 et
1264 2824 1298 2890 ei
1327 2825 1365 2891 in
1402 2826 1511 2912 plena
1545 2827 1645 2894 curia
1679 2827 1873 2892 soluantur.
1932 2821 1984 2889 Et

468 2968 655 3046 postquam
693 2958 895 3027 huiusmodi
931 2959 1100 3046 placitum
1130 2969 1167 3028 et
1209 2960 1367 3028 eiusdem
1410 2963 1577 3032 erecucio
1619 2960 1810 3030 terminata
1852 2959 1985 3028 fuerint

467 3097 625 3166 lrabeent
651 3107 772 3182 partes
795 3095 827 3164 si
850 3096 1026 3163 voluerint
1048 3097 1301 3182 transcriptum
1326 3098 1462 3165 recordi
1481 3099 1558 3166 siue
1583 3102 1766 3170 recordum
1787 3102 1981 3171 romlorum
2041 3095 2048 3108 '

467 3231 553 3302 ferie
579 3253 642 3302 seu
671 3233 818 3300 mercati
848 3235 916 3302 sub
945 3234 1123 3302 communi
1143 3234 1263 3322 sigillo
1297 3234 1455 3302 eiusdem
1485 3256 1550 3304 seu
1578 3237 1724 3306 mercati
1751 3258 1876 3306 versus
1906 3257 1979 3319 ecs,

467 3372 527 3440 Ita
553 3371 649 3456 quod
679 3370 820 3456 possint
847 3369 941 3438 idem
970 3373 1154 3440 recordum
1180 3373 1338 3460 ellegere
1365 3382 1403 3441 et
1424 3375 1598 3442 eduomre
1623 3373 1655 3442 si
1683 3374 1910 3460 postmodum
1934 3375 1985 3442 de

467 3509 593 3577 eodem
629 3505 846 3575 occasionati
873 3505 1005 3574 fiterint
1032 3507 1090 3574 vel
1118 3507 1203 3575 inde
1232 3508 1418 3596 indigeant
1443 3521 1570 3595 postea
1597 3529 1644 3576 ex
1668 3508 1774 3576 certis
1803 3509 1921 3577 causis
1941 3509 1982 3576 in

467 3645 549 3712 eliis
576 3643 674 3712 feriis
699 3653 737 3712 et
760 3642 936 3710 mercatis.
995 3642 1044 3708 Et
1073 3663 1213 3728 semper
1237 3663 1302 3730 per
1324 3645 1481 3712 medium
1507 3645 1657 3712 soluitur
1680 3645 1809 3712 clerico
1831 3643 1982 3712 mercati

466 3802 531 3868 pro
555 3801 583 3848 x
606 3780 711 3848 lineis
736 3799 829 3847 unus
851 3779 1019 3847 denarius
1043 3788 1079 3847 et
1107 3799 1172 3866 pro
1202 3779 1323 3868 sigillo
1353 3781 1405 3867 iiij
1436 3781 1583 3848 denarii.
1628 3779 1677 3848 Et
1705 3757 1979 3848 sidemoustra·

467 3919 605 3986 cionem
640 3937 741 3984 suam
771 3917 922 4002 probare
949 3915 1081 4003 poterit
1105 3935 1186 3984 cum
1216 3917 1330 3985 tribus
1355 3918 1507 3986 testibus
1534 3917 1630 3985 notis
1658 3925 1695 3984 et
1721 3915 1915 4004 fidedignis
1942 3926 1985 3984 et

363 4042 367 4050 ’
467 4055 732 4138 sufficientibus,
779 4065 865 4121 tunc
914 4063 1097 4139 recuperet
1147 4053 1339 4120 secundum
1387 4054 1484 4140 quod
1527 4052 1730 4140 probauerit
1775 4052 1845 4120 nisi
1889 4051 1983 4120 forte

467 4191 660 4260 defendens
687 4190 813 4258 offerat
842 4200 879 4256 et
907 4208 1038 4257 nouam
1070 4189 1294 4258 securitatem
1323 4186 1484 4258 inueniat
1512 4193 1558 4258 od
1583 4189 1863 4258 conuincendum
1892 4209 1977 4276 que-

467 4339 603 4396 rentem
652 4328 729 4396 siue
772 4335 938 4414 agentem
982 4336 1020 4393 et
1062 4335 1196 4394 sectem
1242 4345 1344 4394 suem
1387 4327 1426 4396 in
1468 4327 1582 4396 forma
1625 4346 1695 4413 que
1741 4326 1975 4412 subsequitum,

468 4465 554 4551 Cap.
581 4487 643 4532 xx.
667 4463 725 4531 De
746 4461 913 4542 ataroth
943 4473 980 4530 et
1005 4464 1165 4550 dampna
1189 4472 1227 4531 et
1250 4481 1408 4550 expense
1433 4463 1471 4530 in
1497 4463 1567 4532 isto
1595 4462 1728 4551 placito
1748 4462 1881 4549 placito
1908 4461 1977 4550 (sic)

466 4603 513 4672 de
538 4603 658 4671 debito
681 4611 718 4669 et
741 4601 778 4668 in
805 4597 903 4668 omni
929 4597 1001 4667 alio
1025 4598 1087 4664 vbi
1111 4617 1263 4684 querens
1291 4608 1475 4686 recuperat
1503 4617 1568 4686 per
1594 4596 1827 4685 probaciones
1848 4597 1984 4664 debent

466 4735 660 4806 ndudtcsn
688 4757 753 4823 per
780 4744 994 4806 mercatores
1019 4733 1123 4802 Curie
1138 4746 1185 4802 ¹et
1215 4755 1288 4804 non
1317 4754 1382 4821 per
1403 4743 1526 4802 testes.
1569 4732 1635 4804 Set
1659 4735 1698 4800 in
1724 4753 1810 4802 casu
1833 4733 1879 4802 de
1906 4753 1978 4820 quo

465 4873 554 4942 ferio
595 4875 653 4940 vel
693 4881 887 4940 mercatum
926 4871 1036 4939 hebet
1080 4872 1137 4938 vel
1180 4872 1313 4938 habere
1367 4881 1485 4958 potest
1532 4873 1687 4960 ¹plenam
1734 4870 1977 4960 cognicionem

387 5101 390 5108 Δ
465 5010 636 5090 veritatis,
666 5009 719 5076 ite
749 5011 844 5095 quod
874 5019 1038 5095 oporteat
1065 5019 1187 5093 partes
1215 5008 1298 5075 inde
1329 5008 1544 5076 descendere
1573 5009 1612 5076 in
1641 5007 1909 5095 inquisicionem
1939 5007 1981 5074 in

465 5145 668 5216 huiusmodi
690 5147 832 5216 casibus
858 5146 1102 5215 adiudicennu
1129 5165 1194 5234 per
1216 5125 1496 5234 inquisicionem,
1520 5157 1558 5214 et
1580 5166 1652 5214 non
1675 5165 1740 5233 per
1764 5157 1981 5213 mercatores

1866 5273 1890 5322 r
