5224 6596
629 757 696 830 192
963 730 1060 821 soe
1085 729 1346 820 sisterico
1371 729 1500 822 Book
1525 733 1575 822 ol
1605 734 1791 825 sustu

624 945 818 1014 denarium.
877 943 969 1011 Item
1004 943 1216 1010 distribuent
1249 945 1375 1011 eodem
1410 945 1470 1012 die
1506 946 1593 1013 dicti
1627 957 1872 1034 procuratores
1906 966 1973 1034 pro
2005 947 2126 1016 anima

624 1082 711 1151 dicti
745 1080 920 1165 Iohannis
956 1079 1067 1150 Stoke
1102 1093 1140 1149 et
1174 1103 1239 1168 pro
1275 1081 1463 1150 animabus
1498 1083 1656 1152 omnium
1691 1083 1848 1152 fidelium
1885 1083 2127 1154 dsfirnctorum

624 1219 754 1308 viginti
783 1229 934 1304 quatuor
961 1219 1188 1306 pauperibus,
1217 1221 1309 1288 oecis
1338 1231 1376 1288 et
1403 1221 1551 1304 deudb,
1580 1221 1672 1290 inira
1707 1222 1913 1290 comitatum
1949 1221 2131 1290 Bristollie

626 1355 934 1436 commorantibus,
971 1356 1117 1424 cuilibet
1152 1376 1284 1438 eorum,
1326 1359 1417 1424 duos
1459 1359 1635 1428 denarios.
1694 1357 1846 1427 Soluant
1888 1359 2002 1426 eciam
2044 1359 2132 1428 dicti

627 1503 869 1580 procruatores
906 1492 1163 1580 imperpetuum
1202 1496 1248 1561 de
1284 1494 1445 1580 predicte
1482 1495 1654 1584 pecnrnia
1689 1495 1847 1584 quinque
1888 1497 2058 1564 librarum
2093 1505 2131 1564 ct

626 1632 781 1718 quinque
810 1631 1001 1698 solidorum
1027 1632 1202 1698 sacerdoti
1227 1631 1395 1700 semienti
1420 1633 1468 1699 ad
1489 1633 1601 1700 altare
1622 1633 1734 1700 Beate
1756 1632 1870 1700 Maris
1891 1632 2063 1720 Virginis,
2085 1633 2132 1700 ad

625 1767 914 1838 emendacionem
968 1767 1110 1835 seruicii
1165 1769 1231 1848 sui,
1286 1768 1417 1854 viginti
1471 1788 1536 1836 sex
1589 1769 1722 1836 solidos
1764 1778 1802 1836 et
1845 1777 1926 1836 octo
1968 1768 2133 1836 denarios

625 1905 885 1992 sterlingorum,
914 1904 973 1971 Ita
1000 1916 1121 1970 tamen
1150 1905 1245 1989 quod
1270 1905 1368 1990 juret
1394 1906 1491 1991 quod
1518 1905 1557 1971 in
1586 1905 1771 1974 missiset
1800 1903 2023 1972 oracionibus
2059 1905 2134 1972 suis

623 2041 771 2109 habebit
820 2041 977 2115 animem
1026 2041 1201 2126 Johennis
1252 2039 1364 2108 Stolre
1413 2050 1451 2108 et
1509 2041 1647 2110 animas
1704 2043 1882 2128 predictas
1932 2041 2133 2130 specialiter

625 2180 939 2246 recommendatas.
984 2179 1074 2246 Item
1090 2177 1274 2246 inuenient
1288 2177 1438 2263 predicti
1452 2189 1696 2263 procuratores
1709 2199 1900 2267 eorumque
1914 2199 2133 2248 successores

626 2315 883 2402 imperpetuum
912 2317 958 2384 de
993 2315 1152 2406 predicta
1188 2315 1360 2402 peccunia
1395 2335 1502 2382 ruam
1537 2316 1739 2402 lampadem
1776 2317 1959 2385 ardentem
1996 2317 2055 2384 die
2090 2336 2134 2386 ec

626 2461 730 2520 nocte
773 2452 810 2520 in
854 2454 978 2521 eadem
1013 2453 1163 2521 ecclesia
1197 2473 1316 2520 coram
1354 2453 1467 2520 altare
1498 2453 1623 2546 Beate
1639 2453 1756 2536 Maris
1784 2454 1965 2542 Virginis;
2002 2453 2135 2521 faciant

626 2590 739 2658 eciam
766 2591 825 2658 vel
851 2589 928 2658 fieri
956 2590 1089 2660 faciant
1124 2591 1211 2659 dicti
1245 2598 1489 2676 procuratores
1524 2610 1715 2677 eorumque
1751 2609 1970 2658 successores
2006 2588 2135 2676 imper·

624 2737 770 2814 petuum
799 2727 897 2796 omni
925 2748 1031 2809 anno,
1059 2727 1118 2795 die
1147 2725 1380 2794 anniuersarii
1408 2726 1495 2794 dicti
1515 2725 1691 2811 Johannis
1718 2726 1842 2806 stoke,
1864 2727 1954 2794 duos
1975 2724 2134 2792 torticios

566 2957 571 2964 ι
625 2883 739 2934 nouos
766 2868 811 2932 de
839 2886 921 2934 cera
948 2867 1196 2953 ponderantes,
1218 2863 1368 2950 quilibet
1389 2881 1521 2944 eorum,
1551 2883 1616 2930 sex
1637 2863 1758 2944 libras,
1781 2873 1818 2930 et
1838 2863 1928 2930 duos
1949 2861 2133 2950 prykettes

624 3002 802 3088 ponderis,
830 3002 980 3090 quilibet
1007 3021 1140 3082 eorum,
1169 3001 1276 3068 trium
1305 3000 1475 3102 librarum
1504 2999 1669 3068 ardentes
1705 2999 1799 3067 circa
1834 2999 2010 3066 tumulum
2046 2997 2134 3066 dicti

623 3139 799 3224 Jobannis
828 3139 941 3208 Stoke
976 3139 1036 3206 die
1071 3136 1304 3204 anniuersarii
1318 3103 1324 3112 ,
1340 3137 1407 3219 sui,
1443 3147 1481 3204 et
1520 3138 1567 3205 ad
1608 3137 1886 3204 deseruiendum-
1920 3155 1985 3222 per
2021 3143 2134 3202 totum

626 3296 758 3344 aunum
785 3290 990 3364 sequentem
1014 3276 1061 3343 ed
1084 3275 1197 3343 altare
1220 3275 1333 3342 Beate
1353 3272 1470 3343 Maris
1490 3273 1651 3362 Virginis
1672 3275 1711 3341 in
1732 3275 1852 3342 missis
1873 3274 1912 3341 in
1933 3272 2136 3342 eleuacione

625 3410 858 3481 Sacramenti.
914 3410 1175 3499 Recipientqne
1195 3409 1281 3478 dicti
1303 3420 1548 3496 procuratores
1576 3430 1768 3497 eorumque
1797 3427 2018 3478 successores
2038 3407 2136 3475 omni

625 3569 720 3618 anno
763 3549 1020 3638 imperpetuum
1063 3551 1109 3617 de
1150 3549 1319 3636 predictis
1361 3549 1518 3636 quinque
1567 3549 1669 3616 libris
1719 3558 1756 3616 et
1799 3551 1955 3637 quinque
1998 3546 2135 3628 solidis,
2176 3553 2181 3560 '

625 3685 774 3772 quilibet
804 3705 936 3766 eorum,
972 3703 1037 3752 sex
1072 3685 1206 3754 solidos
1241 3695 1278 3754 et
1313 3695 1394 3753 octo
1430 3685 1595 3752 denarios
1631 3685 1881 3773 sterlingorum
1918 3705 1984 3772 pro
2012 3685 2135 3752 labore

624 3842 757 3902 eorum,
785 3841 829 3890 ea
856 3821 1062 3890 condicione
1091 3824 1186 3909 quod
1213 3822 1334 3890 omnia
1362 3840 1471 3890 onera
1504 3821 1678 3910 premissa
1705 3823 1758 3890 eis
1786 3823 1907 3892 debita
1928 3841 1993 3909 per
2021 3821 2129 3890 istam

625 3957 888 4026 ordinacionem
927 3957 1025 4026 omni
1065 3977 1161 4025 anno
1200 3958 1460 4046 imperpetuum
1502 3959 1594 4027 bene
1633 3969 1670 4026 et
1706 3957 1858 4026 fideliter
1892 3957 1931 4026 in
1970 3957 2136 4026 omnibus

626 4095 760 4162 iaciant
787 4096 978 4176 obseruari,
1008 4105 1044 4162 et
1073 4095 1111 4163 in
1139 4114 1226 4162 casu
1255 4097 1352 4184 quod
1380 4097 1644 4165 ordinacionem
1672 4097 1779 4164 istam
1808 4115 1882 4164 non
1910 4096 2136 4182 impleuerint

628 4243 683 4302 set
719 4234 759 4301 in
795 4235 915 4320 aliquo
953 4219 1145 4304 defecerint
1181 4236 1346 4305 volumus
1379 4237 1476 4324 quod
1515 4257 1580 4307 sex
1617 4236 1734 4317 solidi,
1771 4245 1853 4304 octo
1892 4235 2030 4303 denarii
2072 4254 2137 4321 per

627 4371 891 4440 ordinacionem
919 4369 1088 4440 nostram¹
1122 4391 1188 4459 pro
1216 4372 1339 4440 labore
1367 4372 1512 4441 cuilibet
1540 4392 1662 4440 eorum
1692 4371 1847 4440 ordinati
1883 4381 2136 4440 conuertuntur

629 4509 676 4576 ad
704 4526 794 4593 opus
822 4507 916 4576 dicte
944 4509 1092 4578 ecclesie
1119 4507 1247 4579 Sancti
1275 4511 1412 4578 Thonm
1440 4509 1503 4579 illo
1532 4531 1626 4578 anno
1655 4511 1842 4578 dumtaxat
1879 4509 1958 4578 sine
1993 4517 2136 4585 coutra-

628 4643 788 4714 diocione
813 4644 1073 4733 cujuscumque,
1102 4658 1141 4717 et
1168 4648 1256 4716 dicti
1284 4659 1528 4735 procuratores
1558 4648 1668 4716 nichil
1699 4649 1783 4716 inde
1815 4649 1989 4735 recipiant
2021 4649 2136 4716 donec

630 4780 829 4850 sadshccm
852 4782 898 4848 de
926 4781 997 4848 hiis
1025 4781 1131 4851 fiterit
1157 4783 1253 4852 fecta
1280 4786 1439 4871 plenarie
1459 4787 1565 4872 juxta
1593 4785 1856 4854 ordinacionem
1885 4786 2030 4872 majoris
2051 4787 2136 4854 ville

630 4917 811 4987 Bristollie
839 4928 878 4986 et
905 4916 1029 4987 vicarii
1056 4922 1102 4988 de
1131 4921 1348 5011 Redeclyue.
1405 4920 1482 4991 Nec
1510 4921 1631 4990 licebit
1666 4921 1772 4990 dictis
1807 4922 1944 4991 Tbome
1976 4923 2135 4991 Bourton

1256 5091 1514 5146 Ummium.
