5294 6592
648 805 695 878 72
987 783 1525 879 summensteten
1550 787 1601 908 ct
1630 785 1820 880 stuwi.

643 997 770 1064 horam
796 996 987 1066 limitatam
1011 1009 1094 1086 post
1120 1001 1247 1068 boram
1284 1021 1418 1070 nonam
1454 1004 1513 1070 vel
1544 1001 1712 1090 precipue
1749 1011 1804 1070 tot
1842 1013 2035 1074 sectatores
2068 1016 2156 1095 quot

642 1135 788 1204 interim
822 1135 980 1206 sufficere
1015 1139 1156 1224 possint
1194 1138 1241 1206 ad
1281 1139 1484 1207 huiusmodi
1518 1141 1698 1228 querelam
1734 1139 1887 1208 ministri
1916 1141 2063 1210 mercati
2099 1141 2156 1210 rui

642 1275 922 1344 deliberandam.
979 1277 1029 1346 Et
1073 1277 1307 1347 incontinenti
1344 1277 1464 1348 Maior
1506 1288 1543 1346 et
1587 1277 1696 1347 Curia
1737 1278 1876 1364 eligant
1924 1279 1975 1365 xij
2023 1281 2154 1366 probos

643 1414 807 1482 homines
842 1423 1054 1482 mercatores
1087 1425 1124 1483 et
1160 1417 1251 1484 alios
1285 1419 1331 1484 de
1360 1415 1470 1485 Curia
1497 1415 1562 1482 iila
1585 1417 1643 1482 vel
1672 1415 1792 1502 plures
1816 1416 1874 1484 vel
1898 1417 2083 1504 pauciores
2122 1417 2154 1484 si

642 1569 789 1619 necesse
822 1549 937 1632 fixerit,
973 1552 1036 1640 qui
1069 1553 1203 1620 vadam
1235 1553 1369 1622 ibidem
1393 1573 1546 1622 unacum
1577 1551 1721 1620 balliuis
1755 1551 1924 1638 predictis
1955 1559 1993 1620 et
2020 1549 2155 1620 faciam

639 1687 892 1756 erecucionem
930 1689 1029 1756 illam
1072 1689 1241 1777 plenarie.
1293 1691 1343 1760 Et
1382 1691 1414 1758 si
1456 1689 1546 1758 forte
1581 1697 1666 1756 cunc
1708 1689 1868 1756 inueniat
1910 1689 2152 1758 resistendam

642 1847 812 1894 manuum
863 1835 926 1894 seu
973 1847 1158 1914 corporum
1194 1829 1315 1894 statim
1367 1829 1504 1894 leuetur
1553 1825 1755 1894 buthesium
1799 1845 1906 1912 super
1949 1825 2153 1894 huiusmodi

640 1963 828 2030 resistente
862 1963 921 2030 vel
957 1963 1214 2044 resistentibus,
1251 1972 1288 2030 et
1318 1963 1556 2030 edomentur
1578 1981 1644 2049 per
1686 1981 1836 2049 corpora
1873 1981 1939 2030 sua
1977 1971 2015 2030 ct
2051 1963 2153 2030 uduo

638 2101 885 2168 custodiantur
918 2100 957 2168 tn
989 2101 1135 2188 pesona
1171 2100 1289 2188 Regis
1321 2099 1355 2167 rt
1391 2111 1584 2168 mannum
1617 2119 1720 2166 snm
1755 2073 1897 2180 stt‘vu
1932 2097 1971 2166 tn
2007 2099 2153 2184 prm

636 2237 776 2304 domini
813 2237 844 2304 si
878 2237 1024 2305 alterius
1057 2237 1114 2319 sit,
1145 2247 1183 2306 et
1221 2257 1293 2306 non
1328 2237 1567 2306 deliberentur
1606 2245 1796 2323 antequam
1839 2255 1905 2324 pro
1948 2235 2151 2304 huiusmodi

639 2373 845 2442 resistsncia
895 2375 933 2442 in
983 2375 1149 2442 omnibus
1199 2373 1435 2444 satisfecerint
1484 2385 1559 2442 tam
1609 2374 1754 2442 domino
1804 2383 1842 2441 et
1897 2373 1991 2462 parti
2041 2393 2149 2460 quam

636 2511 834 2597 cuicunque
857 2513 961 2580 alteri
981 2513 1044 2599 qui
1065 2513 1261 2600 dammum
1285 2513 1343 2580 vel
1365 2512 1657 2599 impedimentum
1678 2532 1744 2600 per
1762 2511 1966 2580 huiusmodi
1985 2511 2151 2580 adsten-

635 2645 730 2714 ciarn
769 2649 951 2734 receperit.
1009 2649 1058 2716 Et
1102 2649 1254 2736 quilibet
1292 2651 1354 2738 qul
1389 2649 1504 2718 fuerat
1545 2651 1780 2718 summonitus
1822 2661 1860 2717 et
1901 2651 2038 2719 venerit
2086 2669 2152 2738 pro

635 2784 840 2852 huiusmodi
868 2785 1074 2854 resistencia
1102 2786 1334 2854 deliberanda
1362 2793 1480 2872 potest
1507 2787 1677 2873 conqueri
1717 2787 1909 2874 separatim
1949 2788 1995 2856 de
2031 2807 2075 2854 eo
2113 2797 2151 2856 et

634 2941 844 3009 recuperare
868 2943 1044 3010 expensas
1068 2933 1106 2991 et
1127 2925 1288 3011 dampna
1311 2923 1432 3010 sique
1455 2923 1576 2992 fecerit
1598 2943 1661 2992 seu
1681 2925 1847 2992 babuerit
1866 2943 1932 3011 per
1949 2924 2150 2992 huiusmodi

635 3021 929 3146 impedimentum
969 3061 1054 3149 quia
1097 3063 1158 3128 lex
1197 3061 1395 3130 communis
1433 3070 1471 3130 et
1513 3063 1625 3129 eciam
1664 3064 1725 3129 lex
1761 3063 1908 3130 mercati
1945 3073 2150 3150 supponunt

634 3214 762 3264 omnes
793 3195 954 3264 bullatos
994 3207 1031 3264 et
1068 3197 1264 3268 residentes
1293 3199 1331 3266 in
1369 3199 1535 3268 mercatis
1571 3219 1635 3266 seu
1674 3199 1770 3266 villis
1809 3200 2028 3268 mercatorils
2069 3219 2149 3268 esse

634 3342 849 3400 mercatores
876 3334 960 3403 licet
988 3355 1060 3401 non
1089 3336 1362 3417 mercandisant,
1398 3337 1558 3424 exceptis
1593 3337 1666 3404 illis
1693 3338 1741 3404 de
1776 3336 1906 3423 quibus
1938 3335 1981 3403 fit
2009 3337 2148 3404 mencio

522 3493 530 3508 ·
636 3471 714 3538 siue
738 3472 905 3559 excepcio
929 3473 967 3540 in
996 3473 1153 3560 capitulo
1180 3473 1346 3560 proximo
1374 3492 1492 3559 supra
1537 3471 1586 3540 Et
1621 3473 1681 3540 lex
1716 3473 1926 3541 mercatoria
1961 3491 2034 3540 non
2070 3493 2149 3559 per·

635 3607 747 3676 mittit
775 3610 929 3696 aliquem
958 3611 1153 3699 dampnum
1178 3614 1237 3680 vel
1265 3612 1438 3680 iactturam
1469 3611 1599 3680 iniuste
1634 3612 1789 3696 recipere
1827 3631 1892 3697 per
1928 3611 2038 3678 alium
2079 3608 2150 3678 nisi

631 3747 718 3816 iude
742 3749 810 3816 sibi
838 3747 926 3818 fiant
954 3753 1103 3820 emenda
1127 3752 1160 3820 si
1185 3752 1231 3820 de
1255 3769 1299 3818 eo
1327 3748 1494 3836 conqueri
1516 3749 1613 3816 velit.
1658 3747 1811 3817 Etcum
1839 3747 1931 3818 forte
1959 3747 1997 3816 in
2025 3747 2147 3818 buius·

630 3887 731 3954 modi
762 3907 848 3956 casu
877 3889 976 3956 bona
1006 3899 1044 3956 et
1078 3887 1308 3958 mercimonia
1348 3909 1415 3956 sua
1448 3885 1578 3973 aliquis
1612 3887 1650 3952 in
1691 3887 1797 3955 domo
1837 3887 1904 3954 sub
1940 3907 2062 3956 serora
2088 3885 2148 3955 vel

629 4025 772 4104 barura,
802 4023 909 4092 coffro
933 4027 991 4092 vel
1019 4025 1120 4106 cista,
1151 4045 1216 4094 seu
1239 4025 1279 4093 in
1309 4025 1446 4112 pakkcs
1483 4023 1540 4092 vel
1576 4022 1734 4091 turdellis
1767 4025 1834 4092 sub
1872 4023 1993 4110 sigillo
2028 4022 2147 4092 claudi

635 4159 778 4242 lecerat,
802 4169 841 4230 et
865 4163 990 4229 eedem
1019 4181 1085 4248 pro
1107 4161 1243 4230 mnino
1268 4179 1332 4230 seu
1362 4160 1435 4227 alio
1465 4160 1609 4248 cognito
1638 4159 1800 4226 minirum
1828 4158 1974 4226 mercati
2003 4157 2148 4227 adhoc

631 4297 817 4384 migrato
840 4299 977 4384 aperire
1007 4299 1113 4366 modo
1141 4296 1292 4384 pacifico
1320 4298 1439 4384 capiat
1463 4297 1547 4364 inde
1572 4306 1657 4364 tunc
1681 4295 1837 4364 balliuus
1860 4297 1919 4364 vel
1941 4297 2144 4364 huiusmodi

632 4435 794 4502 minister
833 4435 1074 4504 tesdmonium
1109 4436 1201 4502 sicut
1236 4435 1335 4520 prius
1369 4443 1406 4502 et
1434 4433 1498 4502 fiat
1527 4431 1736 4502 certificscio
1759 4441 1800 4500 vt
1824 4433 1933 4521 prius.
1977 4433 2026 4500 Et
2062 4452 2143 4501 cum

633 4581 827 4640 sectatores
869 4573 965 4640 curie
1009 4591 1160 4638 vnacum
1204 4572 1338 4640 muido
1382 4572 1529 4640 veniant
1568 4581 1604 4638 et
1639 4580 1766 4658 petam
1802 4589 1849 4638 ex
1892 4582 1994 4658 parte
2028 4569 2154 4657 Regis·

625 4708 687 4774 uel
716 4707 852 4775 domini
885 4708 985 4776 cuius
1024 4717 1218 4776 mercatum
1256 4709 1344 4776 illud
1372 4708 1551 4795 estquod
1580 4707 1717 4794 aperire
1751 4705 1860 4774 faeiat
1891 4707 1925 4774 ci
1959 4709 2143 4776 musuras

627 4844 712 4913 illas
748 4845 800 4912 its
842 4847 938 4932 qnod
977 4846 1145 4914 iudicium
1190 4847 1385 4932 predictum
1430 4848 1559 4934 exequi
1602 4849 1747 4916 valeant
1792 4846 1985 4914 secundum
2025 4847 2142 4932 legem

629 4991 669 5050 et
722 4982 1010 5050 consuetudinem
1064 4983 1167 5072 regni
1210 4993 1248 5050 et
1290 4984 1483 5052 secundum
1527 4987 1644 5072 legem
1688 4983 1935 5052 mercatoriam
1985 4992 2025 5052 et
2067 4985 2144 5071 ipse

634 5119 726 5188 nolit
752 5119 840 5188 velit
873 5117 962 5188 forte
1000 5130 1086 5189 nine
1126 5119 1258 5188 ibidem
1301 5139 1374 5188 non
1425 5121 1473 5190 sit
1527 5122 1657 5209 aliquis
1699 5121 1762 5210 qui
1813 5121 1867 5188 eis
1919 5121 2142 5208 respondeat.
