5224 6596
604 877 672 950 172
937 855 1035 950 libe
1058 858 1474 952 ttttleruetsoou
1499 860 1550 952 ot
1579 858 1767 953 bristou

599 1067 747 1188 proinde
784 1071 967 1140 ennuntim
1003 1072 1140 1161 prefate
1174 1075 1319 1143 domine
1361 1073 1504 1162 Regine
1540 1074 1587 1143 ed
1621 1073 1811 1144 terminum
1846 1075 1919 1142 vite
1955 1095 2019 1143 sue
2055 1077 2102 1144 ed

599 1216 778 1292 receptam
808 1227 909 1276 susm
935 1209 1032 1296 apud
1054 1211 1394 1280 Wesmonesterium
1422 1221 1576 1294 centum,
1603 1210 1788 1299 ocmglntr
1809 1220 1847 1279 et
1870 1213 1961 1279 dues
1982 1212 2105 1296 libres,

508 1391 516 1407 .
599 1349 736 1426 septem
765 1343 898 1410 solidos
926 1353 965 1413 et
991 1345 1114 1414 docem
1142 1349 1319 1428 denarios,
1349 1349 1395 1415 ed
1423 1346 1516 1416 fests
1543 1346 1681 1416 Pcscbe
1708 1357 1746 1417 et
1770 1345 1896 1416 Scncti
1918 1347 2106 1418 Michaelis

598 1477 700 1563 equis
743 1480 980 1566 porcionibus.
1026 1483 1084 1552 Ite
1123 1483 1219 1570 quod
1259 1484 1419 1571 predicte
1453 1485 1600 1552 domine
1635 1483 1781 1572 Region
1816 1485 2033 1572 ecquietebit
2067 1498 2106 1555 et

598 1617 806 1684 uonmsbit
833 1618 988 1706 preintos
1016 1621 1191 1689 Maiorem
1217 1631 1254 1689 et
1284 1621 1583 1692 communitatem
1609 1633 1645 1690 et
1670 1641 1792 1690 eorum
1816 1641 2036 1691 successores
2057 1625 2103 1692 de

597 1752 703 1820 certis
716 1753 907 1824 lorencesis
920 1758 1096 1826 oneribus¹
1112 1759 1151 1828 in
1165 1758 1334 1846 predictis
1348 1757 1430 1826 eliis
1444 1759 1641 1828 indenturis
1661 1757 1873 1848 specificatis
1887 1767 1925 1824 et
1945 1757 2101 1826 declare-

596 1890 653 1960 tls
712 1892 865 1980 Insuper
890 1895 1040 1983 predicti
1073 1898 1190 1966 Maior
1218 1907 1256 1968 et
1292 1897 1537 1968 communires
1564 1905 1602 1964 et
1638 1917 1858 1966 cmmemores
1886 1895 1942 1962 sui
1977 1895 2102 1962 volunt

595 2035 633 2096 et
664 2029 862 2098 concedunt
892 2040 929 2098 et
959 2031 1124 2120 obligant
1154 2053 1194 2102 se
1225 2045 1262 2102 et
1293 2053 1514 2102 successores
1547 2054 1631 2103 suos
1662 2055 1727 2121 per
1758 2041 1939 2121 presentes
1966 2030 2102 2120 prefate

595 2163 737 2232 domine
760 2165 904 2252 Regine
932 2169 970 2235 in
995 2169 1116 2238 doeem
1142 2170 1243 2238 libris
1271 2172 1522 2258 sterlingorum
1551 2169 1610 2238 Ite
1633 2172 1729 2258 quod
1758 2171 1791 2238 si
1817 2171 1933 2238 dictus
1962 2187 2102 2238 ennuus

594 2301 754 2371 redditus
782 2303 819 2370 in
848 2315 950 2392 perte
980 2309 1039 2374 vel
1071 2307 1109 2375 in
1138 2317 1215 2376 toto
1243 2327 1308 2396 per
1335 2309 1426 2377 duos
1451 2327 1592 2375 menses
1616 2318 1698 2394 post
1728 2307 1882 2394 eliquem
1911 2306 2100 2372 terminum

593 2441 785 2510 solucionis
820 2443 962 2512 debitus
997 2455 1113 2513 sretro
1148 2445 1224 2513 fore
1254 2443 1444 2533 contigerit
1473 2463 1546 2511 non
1576 2443 1724 2523 solutus,
1760 2443 1856 2528 quod
1891 2449 1977 2509 bunc
2012 2440 2100 2508 dicti

593 2577 712 2646 Maior
746 2589 783 2648 et
819 2580 1062 2651 communires
1096 2593 1133 2650 et
1169 2603 1290 2650 eorum
1332 2581 1563 2652 Suoeessores
1602 2581 1743 2648 solvent
1785 2578 1921 2666 prelato
1956 2577 2099 2644 domine

593 2713 736 2802 Regine
771 2736 836 2803 pro
871 2717 1010 2786 defectu
1037 2718 1230 2787 solucionis
1258 2719 1417 2787 redditus
1445 2717 1595 2805 predicti
1630 2717 1809 2804 predictas
1838 2717 1959 2782 decem
1988 2713 2099 2781 libres

591 2852 685 2918 vitre
727 2853 942 2920 solucionem
983 2855 1126 2923 termini
1168 2855 1320 2943 predicti
1362 2855 1532 2935 debitam,
1576 2863 1613 2920 et
1655 2852 1708 2920 sic
1751 2851 1888 2920 tociens
1931 2851 2099 2938 quociens

591 2987 741 3074 predicti
766 2989 885 3056 Maior
906 2999 944 3057 et
969 2989 1214 3059 Communitss
1239 2994 1297 3059 vel
1325 3011 1448 3059 eomm
1480 3009 1699 3059 successores
1728 2989 1767 3055 in
1791 2989 1974 3056 solucione
1999 2987 2100 3056 firme

591 3121 749 3210 predicte
775 3126 834 3190 vel
870 3125 908 3191 in
937 3125 1059 3213 alique
1086 3129 1243 3212 parcella
1271 3126 1429 3194 eiusdem
1462 3125 1663 3194 defecerint
1723 3125 1772 3192 Et
1807 3124 1920 3192 eciam
1948 3123 2099 3211 predicti

591 3257 708 3327 Maior
752 3269 790 3328 et
834 3260 1079 3330 Communites
1127 3263 1252 3331 volunt
1299 3273 1336 3331 et
1382 3263 1579 3332 concedunt
1621 3263 1716 3350 quod
1759 3263 1830 3349 ipsi
1871 3270 1934 3329 eut
1976 3279 2097 3328 eornm

591 3415 809 3466 successores
844 3397 882 3464 in
917 3397 1072 3468 firturum
1109 3420 1180 3467 uon
1218 3401 1434 3482 clamabunt,
1470 3401 1653 3468 hebebunt
1697 3419 1763 3468 nec
1805 3399 2098 3486 celumpoisbunt

590 3531 723 3617 eliquia
764 3532 842 3622 (sic)
886 3536 959 3602 alla
1001 3536 1087 3617 iure,
1130 3537 1323 3618 libertates,
1367 3537 1564 3624 privilegis,
1610 3535 1712 3616 fines,
1752 3535 1869 3602 exitus
1906 3544 1943 3602 et
1983 3553 2097 3600 emer·

588 3669 765 3738 clemente
830 3673 888 3740 vel
954 3673 1075 3760 nilque
1132 3675 1205 3743 alia
1261 3675 1298 3741 in
1355 3673 1524 3761 predictis
1577 3673 1660 3742 aliis
1717 3673 1846 3739 litteris
1903 3673 2097 3740 indentetis

587 3805 769 3875 concessa¹
798 3811 855 3876 vel
884 3809 1099 3897 specificete⁸
1134 3811 1280 3879 racione
1309 3813 1494 3879 verborum
1521 3811 1740 3899 generalium
1770 3811 1808 3876 in
1833 3809 2096 3878 concessionem

587 3941 721 4028 prefate
750 3945 893 4015 domine
923 3947 1065 4036 Regino
1094 3949 1134 4016 in
1165 3948 1335 4036 predictis
1363 3947 1491 4016 litteris
1518 3946 1747 4034 repetitorum
1776 3957 1813 4013 et
1842 3955 2097 4026 contentorum,

587 4095 777 4167 preterea
806 4103 875 4169 que
904 4081 1042 4171 prefata
1070 4086 1215 4154 domine
1244 4084 1392 4173 Regino
1414 4085 1561 4152 baberet
1585 4093 1622 4151 et
1651 4093 1849 4151 excerceret
1878 4081 1909 4150 si
1938 4081 2097 4168 predicto

587 4217 708 4285 villam
731 4228 767 4286 et
788 4221 969 4302 suburbia,
995 4231 1107 4290 terras
1137 4233 1174 4290 et
1198 4232 1413 4303 tenementa,
1437 4221 1606 4303 redditus,
1635 4219 1834 4306 curtilagia,
1864 4237 1944 4286 cum
1973 4217 2094 4300 ccidis,

586 4353 696 4438 tostis,
726 4357 898 4444 gordinis,
928 4359 1095 4428 scabellis
1124 4361 1261 4428 vocetis
1290 4359 1556 4439 fflesshemeles,
1579 4357 1803 4438 molendinis,
1832 4355 1981 4444 stagnis,
2007 4363 2095 4442 tyna

588 4491 715 4574 Cestri,
739 4495 944 4576 redditibus,
971 4497 1189 4585 lengabulis,
1216 4498 1416 4578 theoloniis,
1442 4496 1594 4583 placius,
1620 4492 1949 4582 perquisicionibuss
1979 4509 2094 4558 ffl-

588 4629 758 4710 sionibus,
780 4633 896 4712 curiis,
919 4633 1017 4702 feriis
1038 4635 1083 4703 de
1104 4635 1281 4716 mercatis,
1303 4633 1417 4702 feodis
1438 4644 1475 4700 et
1495 4633 1578 4701 eliis
1599 4633 1745 4712 iuribus,
1771 4628 2096 4725 consuetudinibus,-

587 4767 860 4834 comoditatibus
889 4779 926 4836 et
954 4769 1177 4838 libertatibus
1212 4773 1298 4838 ville
1333 4769 1502 4856 predicte,
1540 4767 1786 4836 suburbiorum
1824 4779 1860 4832 et
1895 4763 2097 4852 procinctus

587 4903 743 4972 eiusdem
773 4925 853 4974 cum
883 4925 1004 4974 eorum
1032 4905 1260 4994 pertinenciis
1299 4909 1337 4974 in
1366 4927 1476 4975 manu
1505 4927 1570 4974 sue
1603 4904 1787 4972 habuisset
1816 4915 1853 4969 et
1881 4901 2095 4969 retinuisset.

588 5039 635 5108 Et
663 5041 777 5109 eciem
805 5043 965 5128 predicta
992 5043 1137 5111 domine
1173 5043 1320 5130 Regina
1355 5046 1431 5112 vult
1461 5053 1497 5110 et
1525 5043 1687 5110 concedit
1715 5041 1810 5127 quod
1835 5036 1957 5106 omnin
1991 5034 2093 5114 lines,

801 5213 811 5245 ²
830 5215 891 5266 MS.
903 5213 1036 5268 onnon.
1201 5217 1212 5246 ²
1230 5217 1290 5267 Ms.
1308 5214 1449 5268 conasse.
1613 5213 1625 5245 ⁸
1643 5213 1704 5265 rm.
1722 5211 1886 5280 specificam.
