<?xml version="1.0" encoding="UTF-8"?>
<!DOCTYPE html PUBLIC "-//W3C//DTD XHTML 1.0 Transitional//EN"
    "http://www.w3.org/TR/xhtml1/DTD/xhtml1-transitional.dtd">
<html xmlns="http://www.w3.org/1999/xhtml" xml:lang="en" lang="en">
 <head>
  <title>
</title>
<meta http-equiv="Content-Type" content="text/html;charset=utf-8" />
  <meta name='ocr-system' content='tesseract 3.04.00' />
  <meta name='ocr-capabilities' content='ocr_page ocr_carea ocr_par ocr_line ocrx_word'/>
</head>
<body>
  <div class='ocr_page' id='page_1' title='image "./littleredbookbr02enggoog_0262.png"; bbox 0 0 5224 6596; ppageno 0'>
   <div class='ocr_carea' id='block_1_1' title="bbox 866 857 2031 952">
    <p class='ocr_par' dir='ltr' id='par_1_1' title="bbox 866 857 2031 952">
     <span class='ocr_line' id='line_1_1' title="bbox 866 857 2031 952; baseline -0.008 -2"><span class='ocrx_word' id='word_1_1' title='bbox 866 857 965 950; x_wconf 54' lang='lat' dir='ltr'><strong>Ebc</strong></span> <span class='ocrx_word' id='word_1_2' title='bbox 987 858 1126 950; x_wconf 73' lang='lat' dir='ltr'><strong>little</strong></span> <span class='ocrx_word' id='word_1_3' title='bbox 1150 858 1249 950; x_wconf 73' lang='lat' dir='ltr'><strong>liet</strong></span> <span class='ocrx_word' id='word_1_4' title='bbox 1274 857 1404 948; x_wconf 53' lang='lat' dir='ltr'><strong>fidoli</strong></span> <span class='ocrx_word' id='word_1_5' title='bbox 1428 857 1478 947; x_wconf 74' lang='lat' dir='ltr'><strong>of</strong></span> <span class='ocrx_word' id='word_1_6' title='bbox 1508 859 1698 952; x_wconf 63' lang='lat' dir='ltr'><strong>antot</strong></span> <span class='ocrx_word' id='word_1_7' title='bbox 1963 887 2031 944; x_wconf 87' lang='lat'><strong>201</strong></span> 
     </span>
    </p>
   </div>
   <div class='ocr_carea' id='block_1_2' title="bbox 525 1071 2036 2667">
    <p class='ocr_par' dir='ltr' id='par_1_2' title="bbox 525 1071 2036 2667">
     <span class='ocr_line' id='line_1_2' title="bbox 531 1071 2035 1159; baseline 0.005 -22"><span class='ocrx_word' id='word_1_8' title='bbox 531 1089 570 1138; x_wconf 89' lang='lat' dir='ltr'><strong>se</strong></span> <span class='ocrx_word' id='word_1_9' title='bbox 599 1089 664 1138; x_wconf 88' lang='lat' dir='ltr'><strong>nec</strong></span> <span class='ocrx_word' id='word_1_10' title='bbox 695 1071 824 1159; x_wconf 88' lang='lat' dir='ltr'><strong>aliquis</strong></span> <span class='ocrx_word' id='word_1_11' title='bbox 852 1073 1055 1142; x_wconf 86' lang='lat' dir='ltr'><strong>absentabit</strong></span> <span class='ocrx_word' id='word_1_12' title='bbox 1083 1093 1107 1142; x_wconf 91' lang='lat' dir='ltr'><strong>a</strong></span> <span class='ocrx_word' id='word_1_13' title='bbox 1134 1072 1328 1154; x_wconf 81' lang='lat' dir='ltr'><strong>matutinis,</strong></span> <span class='ocrx_word' id='word_1_14' title='bbox 1358 1072 1526 1158; x_wconf 80' lang='lat' dir='ltr'>vesperis,</span> <span class='ocrx_word' id='word_1_15' title='bbox 1555 1073 1686 1155; x_wconf 89' lang='lat' dir='ltr'><strong>missis,</strong></span> <span class='ocrx_word' id='word_1_16' title='bbox 1723 1075 1848 1144; x_wconf 85' lang='lat' dir='ltr'><strong>diebus</strong></span> <span class='ocrx_word' id='word_1_17' title='bbox 1886 1075 2035 1157; x_wconf 78' lang='lat' dir='ltr'><strong>lestinis,</strong></span> 
     </span>
     <span class='ocr_line' id='line_1_3' title="bbox 529 1205 2036 1296; baseline 0.005 -24"><span class='ocrx_word' id='word_1_18' title='bbox 529 1206 672 1292; x_wconf 88' lang='lat' dir='ltr'><strong>quando</strong></span> <span class='ocrx_word' id='word_1_19' title='bbox 740 1205 893 1276; x_wconf 86' lang='lat' dir='ltr'><strong>officium</strong></span> <span class='ocrx_word' id='word_1_20' title='bbox 958 1210 1118 1278; x_wconf 86' lang='lat' dir='ltr'><strong>diuinum</strong></span> <span class='ocrx_word' id='word_1_21' title='bbox 1186 1230 1266 1277; x_wconf 89' lang='lat' dir='ltr'><strong>cum</strong></span> <span class='ocrx_word' id='word_1_22' title='bbox 1336 1219 1526 1296; x_wconf 84' lang='lat' dir='ltr'><strong>neupmate</strong></span> <span class='ocrx_word' id='word_1_23' title='bbox 1598 1209 1727 1278; x_wconf 85' lang='lat' dir='ltr'><strong>dicitur</strong></span> <span class='ocrx_word' id='word_1_24' title='bbox 1789 1211 1829 1278; x_wconf 91' lang='lat' dir='ltr'><strong>in</strong></span> <span class='ocrx_word' id='word_1_25' title='bbox 1886 1211 2036 1280; x_wconf 87' lang='lat' dir='ltr'><strong>ecclesia</strong></span> 
     </span>
     <span class='ocr_line' id='line_1_4' title="bbox 528 1343 2035 1433; baseline 0.003 -21"><span class='ocrx_word' id='word_1_26' title='bbox 528 1343 708 1412; x_wconf 83' lang='lat' dir='ltr'><strong>antedicta</strong></span> <span class='ocrx_word' id='word_1_27' title='bbox 775 1346 853 1414; x_wconf 85' lang='lat' dir='ltr'><strong>sinc</strong></span> <span class='ocrx_word' id='word_1_28' title='bbox 906 1347 1005 1433; x_wconf 84' lang='lat' dir='ltr'><strong>J’usta</strong></span> <span class='ocrx_word' id='word_1_29' title='bbox 1062 1367 1171 1416; x_wconf 88' lang='lat' dir='ltr'><strong>causa</strong></span> <span class='ocrx_word' id='word_1_30' title='bbox 1227 1357 1265 1414; x_wconf 91' lang='lat' dir='ltr'><strong>at</strong></span> <span class='ocrx_word' id='word_1_31' title='bbox 1322 1345 1550 1424; x_wconf 81' lang='lat' dir='ltr'><strong>racionabill3</strong></span> <span class='ocrx_word' id='word_1_32' title='bbox 1617 1365 1684 1415; x_wconf 88' lang='lat' dir='ltr'><strong>neo</strong></span> <span class='ocrx_word' id='word_1_33' title='bbox 1740 1357 1844 1415; x_wconf 82' lang='lat' dir='ltr'><strong>extra</strong></span> <span class='ocrx_word' id='word_1_34' title='bbox 1911 1348 2035 1416; x_wconf 85' lang='lat' dir='ltr'><strong>villam</strong></span> 
     </span>
     <span class='ocr_line' id='line_1_5' title="bbox 527 1481 2032 1570; baseline 0.002 -22"><span class='ocrx_word' id='word_1_35' title='bbox 527 1482 784 1569; x_wconf 82' lang='lat' dir='ltr'><strong>pernoctabunt</strong></span> <span class='ocrx_word' id='word_1_36' title='bbox 836 1484 896 1552; x_wconf 86' lang='lat' dir='ltr'><strong>val</strong></span> <span class='ocrx_word' id='word_1_37' title='bbox 953 1503 1074 1552; x_wconf 81' lang='lat' dir='ltr'><strong>comm</strong></span> <span class='ocrx_word' id='word_1_38' title='bbox 1128 1481 1258 1570; x_wconf 88' lang='lat' dir='ltr'><strong>aliquis</strong></span> <span class='ocrx_word' id='word_1_39' title='bbox 1310 1483 1533 1570; x_wconf 89' lang='lat' dir='ltr'><strong>pernoctabit</strong></span> <span class='ocrx_word' id='word_1_40' title='bbox 1585 1483 1679 1550; x_wconf 86' lang='lat' dir='ltr'><strong>vltra</strong></span> <span class='ocrx_word' id='word_1_41' title='bbox 1730 1502 1838 1550; x_wconf 84' lang='lat' dir='ltr'><strong>vnam</strong></span> <span class='ocrx_word' id='word_1_42' title='bbox 1892 1492 2032 1551; x_wconf 86' lang='lat' dir='ltr'><strong>noctem</strong></span> 
     </span>
     <span class='ocr_line' id='line_1_6' title="bbox 528 1617 2033 1708; baseline 0 -20"><span class='ocrx_word' id='word_1_43' title='bbox 528 1621 605 1689; x_wconf 89' lang='lat' dir='ltr'><strong>sina</strong></span> <span class='ocrx_word' id='word_1_44' title='bbox 653 1620 805 1688; x_wconf 74' lang='lat' dir='ltr'><strong>licencia</strong></span> <span class='ocrx_word' id='word_1_45' title='bbox 856 1621 943 1690; x_wconf 86' lang='lat' dir='ltr'><strong>dicti</strong></span> <span class='ocrx_word' id='word_1_46' title='bbox 990 1620 1135 1708; x_wconf 73' lang='lat' dir='ltr'><strong>maioris</strong></span> <span class='ocrx_word' id='word_1_47' title='bbox 1179 1620 1240 1708; x_wconf 89' lang='lat' dir='ltr'><strong>qui</strong></span> <span class='ocrx_word' id='word_1_48' title='bbox 1287 1629 1437 1707; x_wconf 68' lang='lat' dir='ltr'><strong>protunc</strong></span> <span class='ocrx_word' id='word_1_49' title='bbox 1494 1619 1600 1688; x_wconf 80' lang='lat' dir='ltr'><strong>fiterit</strong></span> <span class='ocrx_word' id='word_1_50' title='bbox 1659 1617 1717 1685; x_wconf 84' lang='lat' dir='ltr'><strong>val</strong></span> <span class='ocrx_word' id='word_1_51' title='bbox 1779 1621 1856 1706; x_wconf 86' lang='lat' dir='ltr'><strong>ejus</strong></span> <span class='ocrx_word' id='word_1_52' title='bbox 1917 1621 2033 1688; x_wconf 87' lang='lat' dir='ltr'><strong>locum</strong></span> 
     </span>
     <span class='ocr_line' id='line_1_7' title="bbox 527 1756 2035 1845; baseline 0 -22"><span class='ocrx_word' id='word_1_53' title='bbox 527 1759 681 1826; x_wconf 87' lang='lat' dir='ltr'><strong>tenentis</strong></span> <span class='ocrx_word' id='word_1_54' title='bbox 714 1757 745 1826; x_wconf 89' lang='lat' dir='ltr'><strong>si</strong></span> <span class='ocrx_word' id='word_1_55' title='bbox 779 1761 909 1827; x_wconf 81' lang='lat' dir='ltr'>absens</span> <span class='ocrx_word' id='word_1_56' title='bbox 939 1756 1064 1836; x_wconf 65' lang='lat' dir='ltr'><strong>fuerits</strong></span> <span class='ocrx_word' id='word_1_57' title='bbox 1108 1767 1145 1824; x_wconf 90' lang='lat' dir='ltr'><strong>et</strong></span> <span class='ocrx_word' id='word_1_58' title='bbox 1180 1777 1248 1845; x_wconf 87' lang='lat' dir='ltr'><strong>pro</strong></span> <span class='ocrx_word' id='word_1_59' title='bbox 1280 1757 1379 1844; x_wconf 87' lang='lat' dir='ltr'><strong>justa</strong></span> <span class='ocrx_word' id='word_1_60' title='bbox 1413 1775 1522 1824; x_wconf 89' lang='lat' dir='ltr'><strong>causa</strong></span> <span class='ocrx_word' id='word_1_61' title='bbox 1556 1757 1720 1844; x_wconf 85' lang='lat' dir='ltr'><strong>legitima</strong></span> <span class='ocrx_word' id='word_1_62' title='bbox 1754 1768 1791 1826; x_wconf 89' lang='lat' dir='ltr'><strong>at</strong></span> <span class='ocrx_word' id='word_1_63' title='bbox 1826 1757 2035 1826; x_wconf 79' lang='lat' dir='ltr'><strong>rationabili</strong></span> 
     </span>
     <span class='ocr_line' id='line_1_8' title="bbox 526 1894 2036 1984; baseline 0 -22"><span class='ocrx_word' id='word_1_64' title='bbox 526 1894 675 1963; x_wconf 80' lang='lat' dir='ltr'><strong>licencia</strong></span> <span class='ocrx_word' id='word_1_65' title='bbox 703 1915 777 1965; x_wconf 87' lang='lat' dir='ltr'><strong>non</strong></span> <span class='ocrx_word' id='word_1_66' title='bbox 805 1897 911 1964; x_wconf 84' lang='lat' dir='ltr'><strong>debat</strong></span> <span class='ocrx_word' id='word_1_67' title='bbox 938 1898 993 1964; x_wconf 87' lang='lat' dir='ltr'><strong>ais</strong></span> <span class='ocrx_word' id='word_1_68' title='bbox 1020 1894 1190 1984; x_wconf 83' lang='lat' dir='ltr'><strong>denegari</strong></span> <span class='ocrx_word' id='word_1_69' title='bbox 1218 1895 1282 1963; x_wconf 85' lang='lat' dir='ltr'><strong>sed</strong></span> <span class='ocrx_word' id='word_1_70' title='bbox 1309 1894 1459 1962; x_wconf 81' lang='lat' dir='ltr'><strong>licencia</strong></span> <span class='ocrx_word' id='word_1_71' title='bbox 1489 1895 1603 1982; x_wconf 87' lang='lat' dir='ltr'><strong>petita</strong></span> <span class='ocrx_word' id='word_1_72' title='bbox 1636 1895 1722 1963; x_wconf 85' lang='lat' dir='ltr'><strong>licet</strong></span> <span class='ocrx_word' id='word_1_73' title='bbox 1759 1913 1831 1962; x_wconf 88' lang='lat' dir='ltr'><strong>non</strong></span> <span class='ocrx_word' id='word_1_74' title='bbox 1867 1912 2036 1962; x_wconf 88' lang='lat' dir='ltr'><strong>concessa</strong></span> 
     </span>
     <span class='ocr_line' id='line_1_9' title="bbox 526 2031 2035 2122; baseline -0.001 -23"><span class='ocrx_word' id='word_1_75' title='bbox 526 2050 573 2099; x_wconf 85' lang='lat' dir='ltr'><strong>ax</strong></span> <span class='ocrx_word' id='word_1_76' title='bbox 601 2051 709 2100; x_wconf 85' lang='lat' dir='ltr'><strong>causa</strong></span> <span class='ocrx_word' id='word_1_77' title='bbox 736 2033 899 2122; x_wconf 81' lang='lat' dir='ltr'><strong>legitima</strong></span> <span class='ocrx_word' id='word_1_78' title='bbox 926 2043 963 2101; x_wconf 87' lang='lat' dir='ltr'><strong>et</strong></span> <span class='ocrx_word' id='word_1_79' title='bbox 992 2032 1201 2100; x_wconf 82' lang='lat' dir='ltr'><strong>racionabili</strong></span> <span class='ocrx_word' id='word_1_80' title='bbox 1238 2051 1278 2100; x_wconf 87' lang='lat' dir='ltr'><strong>se</strong></span> <span class='ocrx_word' id='word_1_81' title='bbox 1309 2031 1408 2100; x_wconf 85' lang='lat' dir='ltr'><strong>licite</strong></span> <span class='ocrx_word' id='word_1_82' title='bbox 1442 2033 1711 2117; x_wconf 85' lang='lat' dir='ltr'><strong>pernoctabunt.</strong></span> <span class='ocrx_word' id='word_1_83' title='bbox 1762 2031 1811 2098; x_wconf 89' lang='lat' dir='ltr'><strong>Et</strong></span> <span class='ocrx_word' id='word_1_84' title='bbox 1839 2032 1935 2118; x_wconf 88' lang='lat' dir='ltr'><strong>quod</strong></span> <span class='ocrx_word' id='word_1_85' title='bbox 1963 2050 2035 2098; x_wconf 91' lang='lat' dir='ltr'><strong>non</strong></span> 
     </span>
     <span class='ocr_line' id='line_1_10' title="bbox 527 2167 2034 2256; baseline 0.001 -21"><span class='ocrx_word' id='word_1_86' title='bbox 527 2169 728 2237; x_wconf 86' lang='lat' dir='ltr'><strong>deseruiant</strong></span> <span class='ocrx_word' id='word_1_87' title='bbox 763 2169 802 2237; x_wconf 91' lang='lat' dir='ltr'><strong>in</strong></span> <span class='ocrx_word' id='word_1_88' title='bbox 838 2171 936 2240; x_wconf 88' lang='lat' dir='ltr'><strong>dicta</strong></span> <span class='ocrx_word' id='word_1_89' title='bbox 974 2171 1125 2239; x_wconf 88' lang='lat' dir='ltr'><strong>ecclesia</strong></span> <span class='ocrx_word' id='word_1_90' title='bbox 1162 2181 1202 2238; x_wconf 86' lang='lat' dir='ltr'><strong>vt</strong></span> <span class='ocrx_word' id='word_1_91' title='bbox 1239 2172 1278 2237; x_wconf 91' lang='lat' dir='ltr'><strong>in</strong></span> <span class='ocrx_word' id='word_1_92' title='bbox 1318 2167 1433 2238; x_wconf 87' lang='lat' dir='ltr'><strong>officio</strong></span> <span class='ocrx_word' id='word_1_93' title='bbox 1473 2169 1667 2238; x_wconf 84' lang='lat' dir='ltr'><strong>sacerdotis</strong></span> <span class='ocrx_word' id='word_1_94' title='bbox 1709 2169 1925 2256; x_wconf 85' lang='lat' dir='ltr'><strong>parochialis</strong></span> <span class='ocrx_word' id='word_1_95' title='bbox 1968 2188 2034 2236; x_wconf 87' lang='lat' dir='ltr'><strong>nec</strong></span> 
     </span>
     <span class='ocr_line' id='line_1_11' title="bbox 528 2304 2034 2396; baseline 0.002 -24"><span class='ocrx_word' id='word_1_96' title='bbox 528 2304 673 2373; x_wconf 84' lang='lat' dir='ltr'><strong>annalia</strong></span> <span class='ocrx_word' id='word_1_97' title='bbox 708 2306 892 2395; x_wconf 83' lang='lat' dir='ltr'><strong>raciplant,</strong></span> <span class='ocrx_word' id='word_1_98' title='bbox 929 2308 1085 2376; x_wconf 82' lang='lat' dir='ltr'><strong>acaciam</strong></span> <span class='ocrx_word' id='word_1_99' title='bbox 1122 2309 1247 2377; x_wconf 90' lang='lat' dir='ltr'><strong>domos</strong></span> <span class='ocrx_word' id='word_1_100' title='bbox 1283 2327 1367 2376; x_wconf 87' lang='lat' dir='ltr'><strong>suas</strong></span> <span class='ocrx_word' id='word_1_101' title='bbox 1402 2327 1467 2395; x_wconf 84' lang='lat' dir='ltr'><strong>per</strong></span> <span class='ocrx_word' id='word_1_102' title='bbox 1500 2309 1617 2376; x_wconf 86' lang='lat' dir='ltr'><strong>visum</strong></span> <span class='ocrx_word' id='word_1_103' title='bbox 1653 2309 1739 2377; x_wconf 92' lang='lat' dir='ltr'><strong>dicti</strong></span> <span class='ocrx_word' id='word_1_104' title='bbox 1780 2307 1929 2395; x_wconf 76' lang='lat' dir='ltr'><strong>Maioris</strong></span> <span class='ocrx_word' id='word_1_105' title='bbox 1971 2309 2034 2396; x_wconf 90' lang='lat' dir='ltr'><strong>qui</strong></span> 
     </span>
     <span class='ocr_line' id='line_1_12' title="bbox 527 2443 2033 2533; baseline -0.001 -22"><span class='ocrx_word' id='word_1_106' title='bbox 527 2455 677 2530; x_wconf 86' lang='lat' dir='ltr'><strong>protunc</strong></span> <span class='ocrx_word' id='word_1_107' title='bbox 704 2444 809 2514; x_wconf 81' lang='lat' dir='ltr'><strong>fiterit</strong></span> <span class='ocrx_word' id='word_1_108' title='bbox 836 2447 929 2513; x_wconf 85' lang='lat' dir='ltr'><strong>bene</strong></span> <span class='ocrx_word' id='word_1_109' title='bbox 956 2456 993 2514; x_wconf 89' lang='lat' dir='ltr'><strong>et</strong></span> <span class='ocrx_word' id='word_1_110' title='bbox 1020 2453 1261 2533; x_wconf 82' lang='lat' dir='ltr'><strong>competenter</strong></span> <span class='ocrx_word' id='word_1_111' title='bbox 1285 2445 1544 2514; x_wconf 87' lang='lat' dir='ltr'><strong>sustentabunt.</strong></span> <span class='ocrx_word' id='word_1_112' title='bbox 1605 2445 1653 2514; x_wconf 94' lang='lat' dir='ltr'><strong>Et</strong></span> <span class='ocrx_word' id='word_1_113' title='bbox 1678 2445 1711 2511; x_wconf 91' lang='lat' dir='ltr'><strong>si</strong></span> <span class='ocrx_word' id='word_1_114' title='bbox 1736 2445 1822 2512; x_wconf 91' lang='lat' dir='ltr'><strong>dicti</strong></span> <span class='ocrx_word' id='word_1_115' title='bbox 1848 2443 2033 2530; x_wconf 81' lang='lat' dir='ltr'><strong>Capeliani</strong></span> 
     </span>
     <span class='ocr_line' id='line_1_13' title="bbox 525 2577 2034 2667; baseline 0.001 -23"><span class='ocrx_word' id='word_1_116' title='bbox 525 2577 583 2645; x_wconf 82' lang='lat' dir='ltr'><strong>vel</strong></span> <span class='ocrx_word' id='word_1_117' title='bbox 611 2599 732 2646; x_wconf 81' lang='lat' dir='ltr'><strong>eorum</strong></span> <span class='ocrx_word' id='word_1_118' title='bbox 757 2579 887 2667; x_wconf 83' lang='lat' dir='ltr'><strong>aliquis</strong></span> <span class='ocrx_word' id='word_1_119' title='bbox 911 2590 1035 2647; x_wconf 89' lang='lat' dir='ltr'><strong>contra</strong></span> <span class='ocrx_word' id='word_1_120' title='bbox 1062 2579 1326 2648; x_wconf 87' lang='lat' dir='ltr'><strong>ordinacionem</strong></span> <span class='ocrx_word' id='word_1_121' title='bbox 1355 2579 1462 2648; x_wconf 85' lang='lat' dir='ltr'><strong>istam</strong></span> <span class='ocrx_word' id='word_1_122' title='bbox 1494 2580 1688 2648; x_wconf 82' lang='lat' dir='ltr'><strong>deiectiuus</strong></span> <span class='ocrx_word' id='word_1_123' title='bbox 1718 2581 1886 2648; x_wconf 86' lang='lat' dir='ltr'><strong>inuentus</strong></span> <span class='ocrx_word' id='word_1_124' title='bbox 1918 2579 2034 2661; x_wconf 75' lang='lat' dir='ltr'><strong>iuuerit,</strong></span> 
     </span>
    </p>
   </div>
   <div class='ocr_carea' id='block_1_3' title="bbox 525 2714 2036 3082">
    <p class='ocr_par' dir='ltr' id='par_1_3' title="bbox 525 2714 2036 3082">
     <span class='ocr_line' id='line_1_14' title="bbox 525 2714 2035 2802; baseline 0.001 -21"><span class='ocrx_word' id='word_1_125' title='bbox 525 2714 651 2800; x_wconf 86' lang='lat' dir='ltr'><strong>primo,</strong></span> <span class='ocrx_word' id='word_1_126' title='bbox 677 2715 831 2783; x_wconf 88' lang='lat' dir='ltr'><strong>secundo</strong></span> <span class='ocrx_word' id='word_1_127' title='bbox 859 2725 896 2783; x_wconf 89' lang='lat' dir='ltr'><strong>et</strong></span> <span class='ocrx_word' id='word_1_128' title='bbox 923 2715 1034 2783; x_wconf 86' lang='lat' dir='ltr'><strong>tercio</strong></span> <span class='ocrx_word' id='word_1_129' title='bbox 1058 2735 1122 2802; x_wconf 88' lang='lat' dir='ltr'><strong>par</strong></span> <span class='ocrx_word' id='word_1_130' title='bbox 1149 2715 1284 2783; x_wconf 85' lang='lat' dir='ltr'><strong>dictum</strong></span> <span class='ocrx_word' id='word_1_131' title='bbox 1313 2715 1484 2802; x_wconf 86' lang='lat' dir='ltr'><strong>majoram</strong></span> <span class='ocrx_word' id='word_1_132' title='bbox 1513 2717 1572 2783; x_wconf 88' lang='lat' dir='ltr'><strong>val</strong></span> <span class='ocrx_word' id='word_1_133' title='bbox 1602 2716 1681 2802; x_wconf 79' lang='lat' dir='ltr'><strong>ejus</strong></span> <span class='ocrx_word' id='word_1_134' title='bbox 1709 2716 1826 2784; x_wconf 85' lang='lat' dir='ltr'><strong>locum</strong></span> <span class='ocrx_word' id='word_1_135' title='bbox 1855 2723 2035 2784; x_wconf 84' lang='lat' dir='ltr'><strong>tenentem</strong></span> 
     </span>
     <span class='ocr_line' id='line_1_15' title="bbox 525 2849 2035 2945; baseline -0.002 -25"><span class='ocrx_word' id='word_1_136' title='bbox 525 2862 736 2921; x_wconf 87' lang='lat' dir='ltr'><strong>moneantur</strong></span> <span class='ocrx_word' id='word_1_137' title='bbox 757 2873 796 2922; x_wconf 88' lang='lat' dir='ltr'><strong>se</strong></span> <span class='ocrx_word' id='word_1_138' title='bbox 816 2850 1026 2945; x_wconf 79' lang='lat' dir='ltr'><strong>co[r]rigora</strong></span> <span class='ocrx_word' id='word_1_139' title='bbox 1046 2855 1113 2920; x_wconf 90' lang='lat' dir='ltr'><strong>sub</strong></span> <span class='ocrx_word' id='word_1_140' title='bbox 1134 2872 1228 2938; x_wconf 88' lang='lat' dir='ltr'><strong>pona</strong></span> <span class='ocrx_word' id='word_1_141' title='bbox 1245 2851 1466 2940; x_wconf 84' lang='lat' dir='ltr'><strong>expulsionis</strong></span> <span class='ocrx_word' id='word_1_142' title='bbox 1490 2871 1513 2917; x_wconf 90' lang='lat' dir='ltr'><strong>a</strong></span> <span class='ocrx_word' id='word_1_143' title='bbox 1525 2849 1696 2932; x_wconf 60' lang='lat' dir='ltr'><strong>catania</strong></span> <span class='ocrx_word' id='word_1_144' title='bbox 1714 2849 1875 2936; x_wconf 79' lang='lat' dir='ltr'><strong>predicta</strong></span> <span class='ocrx_word' id='word_1_145' title='bbox 1895 2862 1933 2917; x_wconf 88' lang='lat' dir='ltr'><strong>et</strong></span> <span class='ocrx_word' id='word_1_146' title='bbox 1952 2860 2035 2936; x_wconf 86' lang='lat' dir='ltr'><strong>post</strong></span> 
     </span>
     <span class='ocr_line' id='line_1_16' title="bbox 526 2985 2036 3082; baseline -0.001 -24"><span class='ocrx_word' id='word_1_147' title='bbox 526 2991 671 3058; x_wconf 88' lang='lat' dir='ltr'><strong>terciam</strong></span> <span class='ocrx_word' id='word_1_148' title='bbox 711 2991 947 3059; x_wconf 89' lang='lat' dir='ltr'><strong>monicionem</strong></span> <span class='ocrx_word' id='word_1_149' title='bbox 987 3011 1026 3058; x_wconf 89' lang='lat' dir='ltr'><strong>se</strong></span> <span class='ocrx_word' id='word_1_150' title='bbox 1062 2986 1272 3082; x_wconf 85' lang='lat' dir='ltr'><strong>co[r]rigare</strong></span> <span class='ocrx_word' id='word_1_151' title='bbox 1301 2989 1482 3056; x_wconf 88' lang='lat' dir='ltr'><strong>noluerint</strong></span> <span class='ocrx_word' id='word_1_152' title='bbox 1510 2997 1547 3056; x_wconf 86' lang='lat' dir='ltr'><strong>et</strong></span> <span class='ocrx_word' id='word_1_153' title='bbox 1581 3007 1690 3056; x_wconf 86' lang='lat' dir='ltr'><strong>causa</strong></span> <span class='ocrx_word' id='word_1_154' title='bbox 1719 2987 1766 3055; x_wconf 90' lang='lat' dir='ltr'><strong>sit</strong></span> <span class='ocrx_word' id='word_1_155' title='bbox 1794 2985 1970 3056; x_wconf 87' lang='lat' dir='ltr'><strong>sufficiens</strong></span> <span class='ocrx_word' id='word_1_156' title='bbox 1998 2997 2036 3056; x_wconf 89' lang='lat' dir='ltr'><strong>ot</strong></span> 
     </span>
    </p>
   </div>
   <div class='ocr_carea' id='block_1_4' title="bbox 526 3125 2036 3354">
    <p class='ocr_par' dir='ltr' id='par_1_4' title="bbox 526 3125 2036 3354">
     <span class='ocr_line' id='line_1_17' title="bbox 526 3125 2035 3214; baseline 0.003 -23"><span class='ocrx_word' id='word_1_157' title='bbox 526 3125 687 3213; x_wconf 83' lang='lat' dir='ltr'><strong>legitima</strong></span> <span class='ocrx_word' id='word_1_158' title='bbox 730 3127 852 3196; x_wconf 88' lang='lat' dir='ltr'><strong>statim</strong></span> <span class='ocrx_word' id='word_1_159' title='bbox 897 3128 974 3194; x_wconf 90' lang='lat' dir='ltr'><strong>sine</strong></span> <span class='ocrx_word' id='word_1_160' title='bbox 1018 3127 1136 3214; x_wconf 90' lang='lat' dir='ltr'><strong>aliqua</strong></span> <span class='ocrx_word' id='word_1_161' title='bbox 1173 3127 1458 3196; x_wconf 79' lang='lat' dir='ltr'><strong>contradiccione</strong></span> <span class='ocrx_word' id='word_1_162' title='bbox 1492 3127 1623 3196; x_wconf 89' lang='lat' dir='ltr'><strong>virtute</strong></span> <span class='ocrx_word' id='word_1_163' title='bbox 1658 3128 1761 3196; x_wconf 88' lang='lat' dir='ltr'><strong>istius</strong></span> <span class='ocrx_word' id='word_1_164' title='bbox 1797 3127 2035 3196; x_wconf 81' lang='lat' dir='ltr'><strong>ordinacionis</strong></span> 
     </span>
     <span class='ocr_line' id='line_1_18' title="bbox 528 3261 2036 3354; baseline 0.002 -25"><span class='ocrx_word' id='word_1_165' title='bbox 528 3261 842 3354; x_wconf 85' lang='lat' dir='ltr'><strong>ammonea[n]tur,</strong></span> <span class='ocrx_word' id='word_1_166' title='bbox 878 3275 915 3333; x_wconf 90' lang='lat' dir='ltr'><strong>at</strong></span> <span class='ocrx_word' id='word_1_167' title='bbox 951 3284 1016 3351; x_wconf 83' lang='lat' dir='ltr'><strong>per</strong></span> <span class='ocrx_word' id='word_1_168' title='bbox 1051 3266 1220 3351; x_wconf 85' lang='lat' dir='ltr'><strong>majorem</strong></span> <span class='ocrx_word' id='word_1_169' title='bbox 1257 3265 1351 3333; x_wconf 90' lang='lat' dir='ltr'><strong>dicta</strong></span> <span class='ocrx_word' id='word_1_170' title='bbox 1387 3265 1472 3332; x_wconf 86' lang='lat' dir='ltr'><strong>villa</strong></span> <span class='ocrx_word' id='word_1_171' title='bbox 1502 3265 1594 3332; x_wconf 87' lang='lat' dir='ltr'><strong>alius</strong></span> <span class='ocrx_word' id='word_1_172' title='bbox 1628 3266 1789 3353; x_wconf 83' lang='lat' dir='ltr'><strong>ydoneus</strong></span> <span class='ocrx_word' id='word_1_173' title='bbox 1821 3263 2036 3352; x_wconf 84' lang='lat' dir='ltr'><strong>Capelianus</strong></span> 
     </span>
    </p>
   </div>
   <div class='ocr_carea' id='block_1_5' title="bbox 431 3399 2037 3489">
    <p class='ocr_par' dir='ltr' id='par_1_5' title="bbox 431 3399 2037 3489">
     <span class='ocr_line' id='line_1_19' title="bbox 431 3399 2037 3489; baseline 0.006 -29"><span class='ocrx_word' id='word_1_174' title='bbox 431 3445 438 3460; x_wconf 95' lang='lat'><strong>.</strong></span> <span class='ocrx_word' id='word_1_175' title='bbox 528 3400 607 3466; x_wconf 89' lang='lat' dir='ltr'><strong>loco</strong></span> <span class='ocrx_word' id='word_1_176' title='bbox 636 3419 701 3468; x_wconf 89' lang='lat' dir='ltr'><strong>suo</strong></span> <span class='ocrx_word' id='word_1_177' title='bbox 729 3409 892 3486; x_wconf 68' lang='lat' dir='ltr'><strong>ponam.</strong></span> <span class='ocrx_word' id='word_1_178' title='bbox 950 3400 999 3467; x_wconf 88' lang='lat' dir='ltr'><strong>Et</strong></span> <span class='ocrx_word' id='word_1_179' title='bbox 1027 3402 1122 3488; x_wconf 91' lang='lat' dir='ltr'><strong>quod</strong></span> <span class='ocrx_word' id='word_1_180' title='bbox 1148 3401 1269 3468; x_wconf 87' lang='lat' dir='ltr'><strong>omnia</strong></span> <span class='ocrx_word' id='word_1_181' title='bbox 1291 3401 1451 3488; x_wconf 83' lang='lat' dir='ltr'><strong>predicta</strong></span> <span class='ocrx_word' id='word_1_182' title='bbox 1475 3411 1512 3468; x_wconf 92' lang='lat' dir='ltr'><strong>et</strong></span> <span class='ocrx_word' id='word_1_183' title='bbox 1537 3401 1680 3489; x_wconf 85' lang='lat' dir='ltr'><strong>singula</strong></span> <span class='ocrx_word' id='word_1_184' title='bbox 1704 3402 1796 3469; x_wconf 88' lang='lat' dir='ltr'><strong>bana</strong></span> <span class='ocrx_word' id='word_1_185' title='bbox 1821 3411 1861 3469; x_wconf 88' lang='lat' dir='ltr'><strong>at</strong></span> <span class='ocrx_word' id='word_1_186' title='bbox 1884 3399 2037 3469; x_wconf 84' lang='lat' dir='ltr'><strong>fideliter</strong></span> 
     </span>
    </p>
   </div>
   <div class='ocr_carea' id='block_1_6' title="bbox 523 3535 2065 5267">
    <p class='ocr_par' dir='ltr' id='par_1_6' title="bbox 523 3535 2065 5267">
     <span class='ocr_line' id='line_1_20' title="bbox 529 3535 2035 3622; baseline 0.001 -19"><span class='ocrx_word' id='word_1_187' title='bbox 529 3554 594 3620; x_wconf 88' lang='lat' dir='ltr'><strong>pro</strong></span> <span class='ocrx_word' id='word_1_188' title='bbox 622 3554 728 3622; x_wconf 85' lang='lat' dir='ltr'><strong>possa</strong></span> <span class='ocrx_word' id='word_1_189' title='bbox 756 3555 877 3603; x_wconf 87' lang='lat' dir='ltr'><strong>eorum</strong></span> <span class='ocrx_word' id='word_1_190' title='bbox 906 3537 1145 3604; x_wconf 87' lang='lat' dir='ltr'><strong>obseruabunt</strong></span> <span class='ocrx_word' id='word_1_191' title='bbox 1174 3535 1350 3622; x_wconf 89' lang='lat' dir='ltr'><strong>capellani</strong></span> <span class='ocrx_word' id='word_1_192' title='bbox 1379 3536 1549 3603; x_wconf 85' lang='lat' dir='ltr'><strong>antedicti</strong></span> <span class='ocrx_word' id='word_1_193' title='bbox 1580 3546 1768 3604; x_wconf 87' lang='lat' dir='ltr'><strong>eteorum</strong></span> <span class='ocrx_word' id='word_1_194' title='bbox 1804 3557 2035 3618; x_wconf 86' lang='lat' dir='ltr'><strong>successores,</strong></span> 
     </span>
     <span class='ocr_line' id='line_1_21' title="bbox 530 3670 2037 3759; baseline 0.001 -21"><span class='ocrx_word' id='word_1_195' title='bbox 530 3681 567 3738; x_wconf 83' lang='lat' dir='ltr'><strong>et</strong></span> <span class='ocrx_word' id='word_1_196' title='bbox 596 3671 712 3758; x_wconf 87' lang='lat' dir='ltr'><strong>primo</strong></span> <span class='ocrx_word' id='word_1_197' title='bbox 743 3672 802 3740; x_wconf 87' lang='lat' dir='ltr'><strong>die</strong></span> <span class='ocrx_word' id='word_1_198' title='bbox 817 3676 821 3684; x_wconf 87' lang='lat'>&#39;</span> <span class='ocrx_word' id='word_1_199' title='bbox 837 3693 909 3759; x_wconf 89' lang='lat' dir='ltr'><strong>quo</strong></span> <span class='ocrx_word' id='word_1_200' title='bbox 943 3671 1121 3741; x_wconf 68' lang='lat' dir='ltr'><strong>confamul-</strong></span> <span class='ocrx_word' id='word_1_201' title='bbox 1157 3673 1210 3741; x_wconf 90' lang='lat' dir='ltr'><strong>eis</strong></span> <span class='ocrx_word' id='word_1_202' title='bbox 1246 3673 1305 3738; x_wconf 83' lang='lat' dir='ltr'><strong>val</strong></span> <span class='ocrx_word' id='word_1_203' title='bbox 1343 3673 1377 3738; x_wconf 86' lang='lat' dir='ltr'><strong>ei</strong></span> <span class='ocrx_word' id='word_1_204' title='bbox 1416 3670 1584 3741; x_wconf 79' lang='lat' dir='ltr'><strong>Canteria</strong></span> <span class='ocrx_word' id='word_1_205' title='bbox 1622 3689 1740 3740; x_wconf 86' lang='lat' dir='ltr'><strong>coram</strong></span> <span class='ocrx_word' id='word_1_206' title='bbox 1777 3673 1915 3759; x_wconf 80' lang='lat' dir='ltr'><strong>Maiora</strong></span> <span class='ocrx_word' id='word_1_207' title='bbox 1951 3673 2037 3740; x_wconf 86' lang='lat' dir='ltr'><strong>ville</strong></span> 
     </span>
     <span class='ocr_line' id='line_1_22' title="bbox 528 3803 2065 3898; baseline 0.003 -24"><span class='ocrx_word' id='word_1_208' title='bbox 528 3808 684 3894; x_wconf 85' lang='lat' dir='ltr'><strong>predicta</strong></span> <span class='ocrx_word' id='word_1_209' title='bbox 713 3811 897 3896; x_wconf 85' lang='lat' dir='ltr'><strong>corporale</strong></span> <span class='ocrx_word' id='word_1_210' title='bbox 921 3811 1162 3898; x_wconf 81' lang='lat' dir='ltr'><strong>juramcnmm</strong></span> <span class='ocrx_word' id='word_1_211' title='bbox 1190 3811 1410 3896; x_wconf 87' lang='lat' dir='ltr'><strong>prestabunt.</strong></span> <span class='ocrx_word' id='word_1_212' title='bbox 1468 3808 1517 3876; x_wconf 90' lang='lat' dir='ltr'><strong>Et</strong></span> <span class='ocrx_word' id='word_1_213' title='bbox 1549 3829 1618 3896; x_wconf 77' lang='lat' dir='ltr'><strong>ego</strong></span> <span class='ocrx_word' id='word_1_214' title='bbox 1647 3811 1827 3897; x_wconf 88' lang='lat' dir='ltr'><strong>predictus</strong></span> <span class='ocrx_word' id='word_1_215' title='bbox 1853 3803 2065 3878; x_wconf 78' lang='lat' dir='ltr'><strong>Walter-us</strong></span> 
     </span>
     <span class='ocr_line' id='line_1_23' title="bbox 528 3945 2035 4034; baseline -0.001 -20"><span class='ocrx_word' id='word_1_216' title='bbox 528 3947 734 4034; x_wconf 88' lang='lat' dir='ltr'><strong>Frompton,</strong></span> <span class='ocrx_word' id='word_1_217' title='bbox 778 3957 863 4016; x_wconf 89' lang='lat' dir='ltr'><strong>tunc</strong></span> <span class='ocrx_word' id='word_1_218' title='bbox 907 3946 1026 4034; x_wconf 84' lang='lat' dir='ltr'><strong>Major</strong></span> <span class='ocrx_word' id='word_1_219' title='bbox 1074 3948 1160 4015; x_wconf 86' lang='lat' dir='ltr'><strong>ville</strong></span> <span class='ocrx_word' id='word_1_220' title='bbox 1204 3945 1396 4028; x_wconf 88' lang='lat' dir='ltr'><strong>Bristollie,</strong></span> <span class='ocrx_word' id='word_1_221' title='bbox 1447 3957 1484 4012; x_wconf 89' lang='lat' dir='ltr'><strong>et</strong></span> <span class='ocrx_word' id='word_1_222' title='bbox 1531 3946 1679 4012; x_wconf 85' lang='lat' dir='ltr'><strong>herodes</strong></span> <span class='ocrx_word' id='word_1_223' title='bbox 1722 3946 1793 4012; x_wconf 89' lang='lat' dir='ltr'><strong>mai</strong></span> <span class='ocrx_word' id='word_1_224' title='bbox 1838 3945 2035 4032; x_wconf 85' lang='lat' dir='ltr'><strong>predictum</strong></span> 
     </span>
     <span class='ocr_line' id='line_1_24' title="bbox 527 4079 2037 4173; baseline -0.003 -21"><span class='ocrx_word' id='word_1_225' title='bbox 527 4085 761 4173; x_wconf 81' lang='lat' dir='ltr'><strong>mesuagium,</strong></span> <span class='ocrx_word' id='word_1_226' title='bbox 812 4085 1009 4173; x_wconf 85' lang='lat' dir='ltr'><strong>predictum</strong></span> <span class='ocrx_word' id='word_1_227' title='bbox 1062 4103 1219 4154; x_wconf 88' lang='lat' dir='ltr'><strong>annuum</strong></span> <span class='ocrx_word' id='word_1_228' title='bbox 1269 4083 1446 4152; x_wconf 87' lang='lat' dir='ltr'><strong>redditum</strong></span> <span class='ocrx_word' id='word_1_229' title='bbox 1495 4079 1659 4148; x_wconf 79' lang='lat' dir='ltr'><strong>undecim</strong></span> <span class='ocrx_word' id='word_1_230' title='bbox 1709 4080 1928 4161; x_wconf 84' lang='lat' dir='ltr'><strong>libratarum,</strong></span> <span class='ocrx_word' id='word_1_231' title='bbox 1971 4100 2037 4148; x_wconf 81' lang='lat' dir='ltr'><strong>sax</strong></span> 
     </span>
     <span class='ocr_line' id='line_1_25' title="bbox 528 4216 2037 4304; baseline -0.001 -16"><span class='ocrx_word' id='word_1_232' title='bbox 528 4221 758 4290; x_wconf 84' lang='lat' dir='ltr'><strong>solidatamm</strong></span> <span class='ocrx_word' id='word_1_233' title='bbox 786 4235 824 4289; x_wconf 92' lang='lat' dir='ltr'><strong>et</strong></span> <span class='ocrx_word' id='word_1_234' title='bbox 852 4231 933 4291; x_wconf 90' lang='lat' dir='ltr'><strong>octo</strong></span> <span class='ocrx_word' id='word_1_235' title='bbox 961 4223 1222 4290; x_wconf 81' lang='lat' dir='ltr'><strong>denariatamm</strong></span> <span class='ocrx_word' id='word_1_236' title='bbox 1255 4230 1291 4288; x_wconf 88' lang='lat' dir='ltr'><strong>at</strong></span> <span class='ocrx_word' id='word_1_237' title='bbox 1327 4218 1567 4287; x_wconf 73' lang='lat' dir='ltr'><strong>muarsionem</strong></span> <span class='ocrx_word' id='word_1_238' title='bbox 1603 4216 1688 4284; x_wconf 90' lang='lat' dir='ltr'><strong>dicti</strong></span> <span class='ocrx_word' id='word_1_239' title='bbox 1723 4217 1917 4304; x_wconf 80' lang='lat' dir='ltr'><strong>messuagii</strong></span> <span class='ocrx_word' id='word_1_240' title='bbox 1952 4226 2037 4304; x_wconf 88' lang='lat' dir='ltr'><strong>post</strong></span> 
     </span>
     <span class='ocr_line' id='line_1_26' title="bbox 529 4353 2035 4448; baseline -0.006 -20"><span class='ocrx_word' id='word_1_241' title='bbox 529 4370 677 4428; x_wconf 88' lang='lat' dir='ltr'><strong>mortam</strong></span> <span class='ocrx_word' id='word_1_242' title='bbox 705 4361 879 4428; x_wconf 89' lang='lat' dir='ltr'><strong>dictorum</strong></span> <span class='ocrx_word' id='word_1_243' title='bbox 906 4360 1081 4446; x_wconf 89' lang='lat' dir='ltr'><strong>Johannis</strong></span> <span class='ocrx_word' id='word_1_244' title='bbox 1106 4359 1325 4448; x_wconf 82' lang='lat' dir='ltr'><strong>Launoellyn</strong></span> <span class='ocrx_word' id='word_1_245' title='bbox 1350 4366 1386 4425; x_wconf 88' lang='lat' dir='ltr'><strong>et</strong></span> <span class='ocrx_word' id='word_1_246' title='bbox 1408 4355 1511 4422; x_wconf 79' lang='lat' dir='ltr'><strong>Alica</strong></span> <span class='ocrx_word' id='word_1_247' title='bbox 1535 4355 1668 4434; x_wconf 84' lang='lat' dir='ltr'><strong>vxoris,</strong></span> <span class='ocrx_word' id='word_1_248' title='bbox 1692 4353 1866 4422; x_wconf 87' lang='lat' dir='ltr'><strong>Willelmi</strong></span> <span class='ocrx_word' id='word_1_249' title='bbox 1892 4355 2035 4445; x_wconf 79' lang='lat' dir='ltr'><strong>Prydya</strong></span> 
     </span>
     <span class='ocr_line' id='line_1_27' title="bbox 527 4489 2032 4588; baseline -0.004 -22"><span class='ocrx_word' id='word_1_250' title='bbox 527 4510 564 4566; x_wconf 87' lang='lat' dir='ltr'><strong>et</strong></span> <span class='ocrx_word' id='word_1_251' title='bbox 606 4500 786 4588; x_wconf 81' lang='lat' dir='ltr'><strong>Milburga</strong></span> <span class='ocrx_word' id='word_1_252' title='bbox 820 4499 942 4567; x_wconf 84' lang='lat' dir='ltr'><strong>vxcris</strong></span> <span class='ocrx_word' id='word_1_253' title='bbox 976 4499 1064 4588; x_wconf 83' lang='lat' dir='ltr'><strong>ejus,</strong></span> <span class='ocrx_word' id='word_1_254' title='bbox 1099 4498 1274 4584; x_wconf 87' lang='lat' dir='ltr'><strong>Johannis</strong></span> <span class='ocrx_word' id='word_1_255' title='bbox 1317 4493 1488 4564; x_wconf 85' lang='lat' dir='ltr'><strong>Octawell</strong></span> <span class='ocrx_word' id='word_1_256' title='bbox 1528 4501 1565 4558; x_wconf 87' lang='lat' dir='ltr'><strong>et</strong></span> <span class='ocrx_word' id='word_1_257' title='bbox 1599 4489 1763 4574; x_wconf 83' lang='lat' dir='ltr'><strong>Johanne</strong></span> <span class='ocrx_word' id='word_1_258' title='bbox 1798 4491 1919 4558; x_wconf 88' lang='lat' dir='ltr'><strong>vxoris</strong></span> <span class='ocrx_word' id='word_1_259' title='bbox 1955 4493 2032 4577; x_wconf 83' lang='lat' dir='ltr'><strong>ejus</strong></span> 
     </span>
     <span class='ocr_line' id='line_1_28' title="bbox 526 4628 2033 4725; baseline -0.002 -22"><span class='ocrx_word' id='word_1_260' title='bbox 526 4646 563 4703; x_wconf 85' lang='lat' dir='ltr'><strong>et</strong></span> <span class='ocrx_word' id='word_1_261' title='bbox 600 4636 774 4721; x_wconf 88' lang='lat' dir='ltr'><strong>Johannis</strong></span> <span class='ocrx_word' id='word_1_262' title='bbox 813 4635 978 4704; x_wconf 83' lang='lat' dir='ltr'><strong>Louaoolr</strong></span> <span class='ocrx_word' id='word_1_263' title='bbox 1013 4647 1050 4704; x_wconf 90' lang='lat' dir='ltr'><strong>et</strong></span> <span class='ocrx_word' id='word_1_264' title='bbox 1085 4636 1240 4725; x_wconf 74' lang='lat' dir='ltr'><strong>Agnetis</strong></span> <span class='ocrx_word' id='word_1_265' title='bbox 1284 4631 1405 4702; x_wconf 84' lang='lat' dir='ltr'><strong>vxoris</strong></span> <span class='ocrx_word' id='word_1_266' title='bbox 1452 4631 1540 4716; x_wconf 85' lang='lat' dir='ltr'><strong>ejus,</strong></span> <span class='ocrx_word' id='word_1_267' title='bbox 1584 4629 1753 4716; x_wconf 86' lang='lat' dir='ltr'><strong>predictis</strong></span> <span class='ocrx_word' id='word_1_268' title='bbox 1796 4628 1953 4713; x_wconf 88' lang='lat' dir='ltr'><strong>Johanni</strong></span> <span class='ocrx_word' id='word_1_269' title='bbox 1995 4642 2033 4700; x_wconf 90' lang='lat' dir='ltr'><strong>at</strong></span> 
     </span>
     <span class='ocr_line' id='line_1_29' title="bbox 527 4765 2032 4860; baseline -0.003 -21"><span class='ocrx_word' id='word_1_270' title='bbox 527 4771 685 4840; x_wconf 83' lang='lat' dir='ltr'><strong>Ricardo</strong></span> <span class='ocrx_word' id='word_1_271' title='bbox 724 4771 929 4860; x_wconf 82' lang='lat' dir='ltr'><strong>Capellanis</strong></span> <span class='ocrx_word' id='word_1_272' title='bbox 964 4785 1000 4842; x_wconf 88' lang='lat' dir='ltr'><strong>at</strong></span> <span class='ocrx_word' id='word_1_273' title='bbox 1038 4773 1299 4842; x_wconf 87' lang='lat' dir='ltr'><strong>successoribus</strong></span> <span class='ocrx_word' id='word_1_274' title='bbox 1337 4769 1411 4838; x_wconf 90' lang='lat' dir='ltr'><strong>suis</strong></span> <span class='ocrx_word' id='word_1_275' title='bbox 1452 4766 1646 4854; x_wconf 85' lang='lat' dir='ltr'><strong>capellanis</strong></span> <span class='ocrx_word' id='word_1_276' title='bbox 1686 4765 1811 4832; x_wconf 89' lang='lat' dir='ltr'><strong>diuina</strong></span> <span class='ocrx_word' id='word_1_277' title='bbox 1849 4767 1887 4833; x_wconf 89' lang='lat' dir='ltr'><strong>in</strong></span> <span class='ocrx_word' id='word_1_278' title='bbox 1934 4766 2032 4834; x_wconf 86' lang='lat' dir='ltr'><strong>dicta</strong></span> 
     </span>
     <span class='ocr_line' id='line_1_30' title="bbox 525 4903 2030 5008; baseline -0.004 -34"><span class='ocrx_word' id='word_1_279' title='bbox 525 4907 676 4976; x_wconf 84' lang='lat' dir='ltr'><strong>ecclesia</strong></span> <span class='ocrx_word' id='word_1_280' title='bbox 698 4909 736 4975; x_wconf 89' lang='lat' dir='ltr'><strong>in</strong></span> <span class='ocrx_word' id='word_1_281' title='bbox 762 4905 879 4979; x_wconf 87' lang='lat' dir='ltr'><strong>forma</strong></span> <span class='ocrx_word' id='word_1_282' title='bbox 899 4910 1059 5008; x_wconf 85' lang='lat' dir='ltr'><strong>predicta</strong></span> <span class='ocrx_word' id='word_1_283' title='bbox 1079 4909 1339 4977; x_wconf 88' lang='lat' dir='ltr'><strong>celebrantibus</strong></span> <span class='ocrx_word' id='word_1_284' title='bbox 1368 4915 1491 4974; x_wconf 76' lang='lat' dir='ltr'><strong>conus</strong></span> <span class='ocrx_word' id='word_1_285' title='bbox 1519 4921 1644 4972; x_wconf 85' lang='lat' dir='ltr'><strong>omnes</strong></span> <span class='ocrx_word' id='word_1_286' title='bbox 1667 4911 1794 4990; x_wconf 82' lang='lat' dir='ltr'><strong>gantas</strong></span> <span class='ocrx_word' id='word_1_287' title='bbox 1823 4903 2030 4970; x_wconf 82' lang='lat' dir='ltr'><strong>warantiza-</strong></span> 
     </span>
     <span class='ocr_line' id='line_1_31' title="bbox 523 5037 2029 5130; baseline 0.001 -25"><span class='ocrx_word' id='word_1_288' title='bbox 523 5038 643 5107; x_wconf 87' lang='lat' dir='ltr'><strong>bimus</strong></span> <span class='ocrx_word' id='word_1_289' title='bbox 663 5051 701 5107; x_wconf 83' lang='lat' dir='ltr'><strong>et</strong></span> <span class='ocrx_word' id='word_1_290' title='bbox 721 5040 949 5109; x_wconf 83' lang='lat' dir='ltr'><strong>defendemus</strong></span> <span class='ocrx_word' id='word_1_291' title='bbox 969 5042 1238 5130; x_wconf 70' lang='lat' dir='ltr'><strong>imperpetuum.</strong></span> <span class='ocrx_word' id='word_1_292' title='bbox 1297 5040 1341 5109; x_wconf 89' lang='lat' dir='ltr'><strong>Io</strong></span> <span class='ocrx_word' id='word_1_293' title='bbox 1363 5043 1464 5128; x_wconf 87' lang='lat' dir='ltr'><strong>cujus</strong></span> <span class='ocrx_word' id='word_1_294' title='bbox 1486 5041 1539 5108; x_wconf 89' lang='lat' dir='ltr'><strong>rei</strong></span> <span class='ocrx_word' id='word_1_295' title='bbox 1562 5037 1806 5106; x_wconf 87' lang='lat' dir='ltr'><strong>testimonium</strong></span> <span class='ocrx_word' id='word_1_296' title='bbox 1829 5049 2029 5124; x_wconf 83' lang='lat' dir='ltr'><strong>presentem</strong></span> 
     </span>
     <span class='ocr_line' id='line_1_32' title="bbox 525 5174 2029 5267; baseline 0.003 -27"><span class='ocrx_word' id='word_1_297' title='bbox 525 5183 659 5241; x_wconf 86' lang='lat' dir='ltr'><strong>cartam</strong></span> <span class='ocrx_word' id='word_1_298' title='bbox 688 5195 804 5244; x_wconf 88' lang='lat' dir='ltr'><strong>meam</strong></span> <span class='ocrx_word' id='word_1_299' title='bbox 833 5177 872 5244; x_wconf 92' lang='lat' dir='ltr'><strong>in</strong></span> <span class='ocrx_word' id='word_1_300' title='bbox 900 5179 991 5245; x_wconf 87' lang='lat' dir='ltr'><strong>duas</strong></span> <span class='ocrx_word' id='word_1_301' title='bbox 1018 5189 1139 5267; x_wconf 87' lang='lat' dir='ltr'><strong>partos</strong></span> <span class='ocrx_word' id='word_1_302' title='bbox 1167 5179 1387 5249; x_wconf 83' lang='lat' dir='ltr'><strong>indentatam</strong></span> <span class='ocrx_word' id='word_1_303' title='bbox 1421 5179 1540 5267; x_wconf 76' lang='lat' dir='ltr'><strong>sigillo</strong></span> <span class='ocrx_word' id='word_1_304' title='bbox 1577 5195 1656 5244; x_wconf 84' lang='lat' dir='ltr'><strong>meo</strong></span> <span class='ocrx_word' id='word_1_305' title='bbox 1694 5184 1730 5242; x_wconf 88' lang='lat' dir='ltr'><strong>at</strong></span> <span class='ocrx_word' id='word_1_306' title='bbox 1766 5174 1886 5262; x_wconf 79' lang='lat' dir='ltr'><strong>sigillo</strong></span> <span class='ocrx_word' id='word_1_307' title='bbox 1922 5174 2029 5244; x_wconf 83' lang='lat' dir='ltr'><strong>officii</strong></span> 
     </span>
    </p>
   </div>
   <div class='ocr_carea' id='block_1_7' title="bbox 0 0 2616 6596">
    <p class='ocr_par' dir='ltr' id='par_1_7' title="bbox 0 0 2616 6596">
     <span class='ocr_line' id='line_1_33' title="bbox 0 0 2616 6596; baseline 0 1"><span class='ocrx_word' id='word_1_308' title='bbox 0 0 2616 6596; x_wconf 95' lang='lat' dir='ltr'><strong> </strong></span> 
     </span>
    </p>
   </div>
  </div>
 </body>
</html>
