5224 6596
873 789 971 881 libo
994 789 1133 879 little
1157 787 1256 879 tlec
1281 789 1410 880 boola
1435 791 1486 880 ot
1515 790 1706 882 cristol.
1965 814 2037 888 219

533 1010 571 1076 in
600 1008 765 1076 omnibus
792 1005 960 1094 predictis
988 1002 1209 1083 tenementis,
1239 1004 1362 1090 shopis
1390 1013 1427 1071 st
1456 1004 1586 1071 solario
1614 1023 1696 1072 cum
1724 1002 1890 1072 omnibus
1916 1023 2039 1073 eorum

532 1141 760 1232 pertinenciis
788 1141 938 1230 ingredi,
967 1139 1179 1228 distringere
1210 1148 1247 1206 et
1283 1139 1526 1208 districciones
1561 1139 1695 1208 ibidem
1728 1139 1894 1209 irruentes
1926 1159 2040 1227 ‘penes

534 1301 573 1349 se
623 1281 784 1360 retinere,
834 1297 973 1346 necnon
1024 1275 1221 1362 predictum
1267 1277 1450 1344 dominum
1504 1275 1634 1360 David,
1689 1277 1767 1366 ejus
1820 1299 2040 1348 successores

535 1420 738 1504 capellanos
792 1435 835 1484 ac
885 1414 997 1482 eciam
1047 1433 1168 1482 eorum
1211 1423 1373 1481 tenentes
1415 1414 1573 1482 totaliter
1615 1415 1699 1483 inde
1741 1417 1918 1503 expellere
1960 1415 2040 1484 sine

535 1555 816 1626 contradiccione
845 1552 1094 1639 cujuscumque
1121 1569 1304 1638 quousque
1331 1552 1378 1620 de
1405 1551 1571 1620 omnibus
1606 1553 1774 1640 predictis
1813 1553 1973 1622 seruiciis
2002 1563 2039 1622 at

538 1693 702 1763 omnibus
730 1692 888 1762 mtimrlis
917 1711 960 1758 ac
989 1688 1178 1776 arreragiis
1206 1688 1367 1776 superius
1395 1689 1571 1757 contentis
1599 1710 1664 1778 per
1691 1709 1753 1758 eos
1772 1691 1877 1777 juxte
1896 1689 2040 1758 ordina-

536 1831 673 1900 cionem
702 1831 851 1918 Majoris
870 1829 956 1896 ville
975 1827 1167 1909 Bristollie,
1189 1826 1312 1894 vicarii
1333 1837 1370 1894 et
1390 1829 1575 1894 custodum
1597 1827 1693 1895 dicte
1712 1827 1861 1896 ecclesie
1881 1825 2041 1914 plenarie

536 1968 641 2037 fuerit
678 1967 908 2036 satisfactum.
966 1964 1015 2032 Et
1053 1964 1178 2030 ordino
1222 1964 1317 2050 quod
1355 1963 1470 2032 dictus
1507 1963 1627 2032 David
1656 1973 1693 2033 et
1728 1983 1948 2032 successores
1984 1963 2041 2030 sui

536 2105 675 2172 solusnt
703 2100 908 2168 custodibus
936 2099 1030 2167 dicte
1057 2097 1206 2167 ecclesie
1233 2098 1280 2166 ad
1301 2063 1501 2167 faciendum
1522 2101 1707 2168 ecclesiam
1729 2097 1855 2168 Sancti
1875 2099 2042 2168 Nicbolsi

536 2259 599 2308 sex
635 2237 768 2307 solidos
803 2246 840 2304 st
869 2245 949 2304 octo
992 2233 1157 2304 denarios
1198 2253 1264 2321 pro
1304 2235 1463 2320 quolibet
1497 2235 1646 2304 articulo
1680 2237 1784 2324 juxta
1818 2233 1968 2302 formam
2003 2242 2042 2300 et

535 2375 798 2446 ordinacionem
826 2373 987 2462 superius
1020 2381 1225 2440 contentam
1262 2371 1315 2438 sic
1351 2391 1425 2438 non
1465 2373 1652 2459 completo,
1692 2373 1750 2440 Ita
1787 2381 1908 2440 mmen
1945 2369 2041 2456 quod

538 2531 645 2599 quam
684 2511 755 2580 cito
784 2511 971 2598 contingat
998 2509 1131 2576 dictum
1160 2507 1342 2576 dominum
1371 2507 1491 2577 David
1526 2517 1564 2576 et
1608 2527 1828 2576 successores
1863 2525 1948 2574 suos
1983 2506 2043 2574 vel

538 2647 669 2716 dictam
698 2646 901 2715 cantariam
930 2645 1162 2732 quouismodc
1186 2665 1312 2712 vacare
1341 2655 1425 2732 post
1453 2654 1603 2715 mortem
1639 2665 1767 2726 meant,
1803 2644 1922 2732 Major
1956 2643 2043 2712 ville

539 2784 720 2853 Bristollie
755 2783 817 2871 qui
855 2803 921 2870 pro
964 2792 1122 2870 tempore
1164 2782 1269 2850 inerit
1311 2791 1393 2869 post
1437 2793 1587 2864 mortem
1632 2783 1745 2869 ipsius
1781 2781 1959 2868 capellani
1995 2780 2043 2847 ad

313 2947 513 3000 Pammene
538 2921 751 2990 eleccionem
779 2939 843 2988 seu
871 2919 1198 2988 denominacionem
1227 2921 1389 3006 perpetui
1410 2921 1533 2988 vicarii
1555 2921 1703 2990 ecclesie
1731 2917 1856 2989 Sancti
1878 2917 2043 2986 Nicholai

319 3013 507 3131 fflffi
539 3056 720 3126 Bristollie
748 3057 780 3124 si
803 3075 951 3144 presens
970 3055 1076 3124 fuerit
1095 3066 1133 3123 et
1153 3057 1338 3124 custodum
1360 3057 1518 3143 ejusdem
1547 3055 1695 3124 ecclesie
1715 3055 1776 3142 qui
1797 3075 1864 3142 pro
1885 3064 2044 3142 tempore

538 3195 668 3262 fuerint
695 3194 850 3280 aliquem
883 3195 1107 3282 capellanum
1135 3196 1313 3282 ydoneum
1349 3195 1506 3262 moribus
1541 3203 1578 3262 et
1614 3192 1768 3260 sciencia
1809 3193 1889 3260 loco
1930 3191 2044 3278 ipsius

538 3333 713 3418 capellani
742 3331 897 3399 defuncti
927 3335 993 3400 sub
1022 3333 1141 3420 sigillo
1170 3331 1277 3401 officii
1304 3335 1498 3421 majoratus
1525 3334 1610 3402 ville
1639 3332 1819 3399 Bristollie
1854 3331 2043 3398 diocesano

537 3469 607 3536 loci
636 3469 732 3536 illius
760 3469 806 3536 ad
834 3469 1030 3555 predictam
1059 3467 1263 3537 Cantariam
1299 3469 1497 3540 faciendam
1528 3473 1785 3558 imperpetuum
1813 3467 2042 3554 presentabit,

537 3617 576 3674 vt
604 3606 699 3674 idem
725 3606 934 3675 diocessnus
962 3607 1079 3693 ipsum
1106 3607 1330 3694 capellanum
1358 3629 1422 3695 per
1450 3609 1620 3695 majorem
1651 3607 1702 3674 sic
1727 3615 1970 3692 presentatum
1996 3606 2043 3673 ad

538 3743 670 3811 dictam
706 3743 910 3812 Cantariam
944 3756 1174 3830 occupantem
1219 3745 1384 3813 admittat
1427 3756 1463 3814 et
1507 3746 1624 3832 ipsum
1669 3744 1893 3831 capellanum
1937 3751 2043 3829 prout

535 3882 671 3968 justum
706 3879 810 3948 fuerit
845 3881 884 3948 in
919 3882 1068 3948 eandem
1105 3880 1300 3949 cantariam
1336 3881 1442 3950 faciet
1470 3881 1609 3958 induci;
1639 3879 1840 3967 juramento
1868 3879 2044 3966 corporali

539 4027 576 4085 et
604 4017 778 4104 solempni
806 4017 954 4105 prestito
983 4019 1028 4084 de
1053 4018 1226 4105 corporali
1254 4017 1451 4088 residencia
1479 4018 1516 4084 in
1547 4017 1644 4084 dicta
1674 4015 1853 4096 cantaria,
1875 4025 1913 4083 et
1946 4018 2043 4102 quod

537 4155 674 4221 nullum
695 4152 904 4223 beneficium
926 4176 1005 4223 cum
1028 4175 1112 4222 cura
1130 4156 1187 4223 vel
1209 4156 1287 4224 sine
1307 4176 1391 4224 cure
1409 4156 1487 4223 sine
1505 4153 1749 4241 resignacione
1770 4153 1864 4221 dicte
1885 4153 2043 4221 cantaria

538 4291 715 4378 ocupabit,
752 4293 815 4358 sed
851 4291 943 4360 inira
985 4312 1143 4362 mensem
1186 4304 1269 4380 post
1312 4293 1478 4380 adeptum
1513 4287 1722 4358 beneficium
1753 4290 1847 4357 dicte
1883 4289 2043 4358 cantaris

536 4429 657 4515 palam
685 4436 723 4494 et
749 4429 891 4516 publice
918 4429 1126 4516 resignabit,
1155 4451 1220 4498 nec
1250 4431 1378 4500 sentiet
1407 4429 1445 4496 in
1467 4429 1563 4496 dicta
1583 4427 1733 4496 ecclesia
1754 4425 1841 4494 alibi
1863 4427 1901 4492 in
1923 4423 2040 4493 officio

542 4565 762 4634 Sacerdotall
811 4565 1006 4653 parochiali
1049 4568 1106 4634 vel
1146 4567 1259 4634 Beate
1307 4567 1423 4634 Maris
1466 4565 1637 4653 Virginis,
1682 4583 1748 4632 nec
1787 4564 1941 4632 annuns
1983 4565 2042 4631 vel

538 4705 706 4771 annualia
734 4703 889 4790 recipiet,
919 4705 1072 4772 celebret
1096 4705 1153 4772 vel
1182 4704 1358 4771 admittat.
1403 4701 1491 4773 Sine
1519 4723 1590 4790 quo
1615 4703 1816 4789 juramento
1837 4702 1922 4768 nolo
1943 4702 2040 4787 quod

538 4840 667 4928 aliquis
706 4861 945 4910 successorum
990 4840 1076 4910 dicti
1118 4841 1238 4909 David
1279 4841 1318 4909 in
1361 4841 1457 4908 dicta
1501 4839 1670 4908 Canteria
1705 4839 1837 4928 habeat
1880 4839 1939 4926 jus
1982 4839 2041 4906 vel

538 4977 680 5044 titulum
711 4978 832 5064 aliqua
868 4979 967 5045 nulla
1000 4978 1270 5065 dispensacione
1305 4975 1530 5064 suffragente.
1586 4976 1635 5044 Et
1670 4977 1702 5042 si
1736 4975 1852 5043 dictus
1888 4975 2041 5066 picenus

539 5119 597 5185 vel
633 5134 852 5183 successores
895 5115 951 5182 sui
992 5117 1050 5184 vel
1093 5117 1180 5185 dicti
1222 5118 1385 5184 custodes
1425 5116 1483 5183 vel
1520 5133 1739 5182 successores
1776 5112 1832 5180 sui
1872 5113 1933 5198 qui
1976 5133 2041 5199 pro
