5224 6596
581 825 688 940 190'
914 841 1012 934 noe
1035 843 1174 936 atne
1199 846 1297 938 neo
1322 846 1452 937 soon
1476 848 1526 937 ot
1556 846 1766 974 snstou

568 1055 798 1142 pertinenciis
835 1059 1004 1126 situatum
1039 1059 1078 1126 in
1113 1060 1237 1128 sodon
1273 1061 1363 1142 vico,
1399 1061 1493 1128 inter
1527 1061 1711 1130 introimm
1747 1062 1923 1150 mesuagii
1956 1065 2074 1132 vocati

569 1194 847 1282 Bercwykisbyn
875 1217 923 1264 ex
943 1206 1044 1284 parte
1072 1219 1144 1264 vna
1171 1208 1208 1266 et
1236 1198 1369 1286 sbopas
1405 1209 1546 1266 nostras
1580 1219 1672 1287 quas
1707 1203 1752 1268 de
1788 1221 1883 1270 nouo
1918 1200 2076 1270 edificari

478 1299 480 1302 ’
568 1329 652 1414 een
679 1331 862 1416 Johannes
892 1331 1005 1401 storo
1035 1333 1167 1401 isidem
1198 1354 1247 1402 ax
1277 1334 1399 1402 nera„
1444 1335 1617 1404 emimus
1646 1337 1759 1405 ecem
1780 1347 1819 1407 et
1842 1340 2079 1407 concessimus

567 1476 604 1534 et
648 1467 804 1552 presenti
847 1476 946 1534 carta
989 1480 1111 1537 nostra
1152 1469 1438 1539 confirmauimus
1481 1471 1617 1540 eisdem
1659 1472 1797 1540 Thome
1839 1473 1999 1541 Bourton
2041 1483 2078 1541 et

566 1604 722 1689 Johanni
749 1605 955 1687 wodeford,
980 1608 1186 1694 capellanis,
1216 1619 1252 1676 et
1281 1629 1401 1676 eorum
1431 1611 1692 1678 suecessoribus
1720 1611 1918 1698 capellanis
1947 1612 2078 1698 imper·

566 1752 712 1828 petuum
755 1744 836 1812 illas
853 1741 858 1750 '
876 1745 1032 1832 quinque
1068 1747 1200 1832 shopas
1241 1756 1381 1815 nostras
1421 1767 1502 1814 cum
1538 1767 1610 1814 vno
1647 1747 1779 1815 celario
1820 1748 2004 1834 adjacente
2040 1760 2076 1817 et

567 1881 641 1946 suis
669 1880 898 1966 pertinenciis
926 1882 1102 1950 uniuersis
1130 1883 1283 1950 situatas
1312 1884 1350 1948 in
1378 1884 1505 1950 eodem
1534 1884 1613 1951 vico
1650 1883 1688 1950 in
1724 1884 1883 1951 cornerio
1918 1883 2075 1971 ejtusdem

566 2015 647 2097 vici,
672 2015 766 2084 inter
795 2018 1018 2104 mesuagium
1048 2020 1245 2106 predictum
1275 2029 1448 2107 exparte
1468 2041 1540 2089 vna
1561 2032 1599 2088 et
1619 2023 1756 2110 regiam
1777 2023 1873 2088 viam
1895 2022 1987 2090 sicut
2008 2023 2077 2090 itur

566 2171 690 2220 versus
739 2154 857 2222 vicum
907 2154 1033 2223 Sancti
1083 2156 1219 2224 lbome
1268 2175 1316 2224 ex
1362 2158 1485 2238 altera,
1533 2178 1624 2248 quas
1673 2160 1816 2246 quidem
1865 2161 1998 2248 sbopas
2042 2171 2078 2230 et

568 2291 734 2358 celarium
774 2293 953 2378 predictus
995 2293 1176 2379 Johannes
1220 2294 1332 2363 Stolre
1369 2315 1481 2382 nuper
1517 2296 1563 2364 de
1599 2315 1693 2364 nouo
1730 2294 1888 2366 edificari
1922 2297 2007 2366 fecit
2040 2307 2078 2366 et

568 2433 671 2501 nobis
699 2443 736 2501 et
764 2433 951 2502 heredibus
980 2435 1111 2502 nostris
1139 2435 1177 2502 in
1206 2444 1418 2502 testamento
1452 2452 1518 2501 suo
1552 2453 1704 2501 vnacum
1725 2434 1864 2500 duobus
1884 2433 2076 2520 mesuagiis

567 2580 604 2638 et
645 2573 719 2638 suis
755 2573 921 2640 omnibus
956 2573 1186 2658 pertinenciis
1221 2571 1392 2658 predictis
1428 2573 1575 2659 legauit.
1637 2570 1815 2638 Habenda
1850 2580 1887 2637 et
1922 2571 2075 2638 tenenda

567 2708 726 2793 predicta
763 2708 959 2795 mesnagis,
997 2712 1130 2795 shopas
1161 2718 1198 2776 et
1226 2710 1396 2777 celarium
1425 2729 1506 2776 cum
1536 2708 1702 2775 omnibus
1738 2707 1812 2774 suis
1848 2707 2074 2793 pertinenciis

566 2845 711 2930 prefatis
768 2845 904 2914 Thema
954 2847 1104 2928 Burton,
1154 2847 1310 2930 Johanni
1370 2845 1575 2926 wodeford,
1627 2843 1833 2929 capellanis,
1885 2861 2075 2928 eorumque

565 2983 825 3048 successoribus
861 2983 1056 3069 capellanis
1092 2983 1361 3068 imperpetuum.
1405 2983 1576 3048 Tenenda
1603 2981 1649 3047 de
1673 2979 1887 3064 capitalibus
1921 2976 2074 3044 dominis

565 3115 659 3182 feodi
687 3136 751 3202 per
779 3116 929 3184 seruicia
958 3117 1042 3183 inde
1071 3118 1116 3184 de
1141 3118 1221 3203 jure
1249 3119 1371 3186 debita
1400 3129 1436 3186 et
1458 3128 1630 3187 consueta
1651 3117 1698 3184 ad
1719 3116 1843 3184 diuina
1864 3115 2075 3182 celebranda

442 3327 444 3332 ,
565 3257 822 3342 imperpetuum
852 3257 1006 3344 singulis
1034 3259 1160 3324 diebus
1189 3259 1237 3324 ad
1267 3257 1379 3324 altare
1408 3255 1445 3322 in
1471 3255 1610 3341 capella
1633 3253 1766 3322 Sancte
1788 3252 1904 3319 Marie
1924 3249 2074 3337 virginis

565 3394 712 3460 ecclesie
748 3393 873 3460 Sancti
915 3393 1061 3474 Thema,
1105 3393 1296 3472 Bristollie,
1340 3393 1402 3458 vbi
1445 3411 1574 3476 corpus
1616 3390 1791 3475 Johannis
1833 3389 1945 3456 Stoice
1976 3389 2074 3474 jacet

564 3530 761 3610 humatum,
783 3551 848 3616 pro
874 3532 1009 3598 salubri
1035 3541 1131 3598 statu
1160 3529 1449 3598 excellentissimi
1479 3528 1615 3595 domini
1644 3527 1757 3595 nostri
1787 3525 1935 3592 Ricardi
1958 3525 2073 3612 Regis

564 3683 659 3732 nunc
680 3678 717 3731 et
743 3685 808 3750 pro
831 3675 926 3732 statu
948 3666 1097 3752 Maioris
1118 3676 1155 3732 et
1178 3665 1451 3733 Communitatis
1477 3664 1670 3744 Bristollie,
1694 3685 1832 3731 necnon
1853 3683 1918 3750 pro
1939 3663 2073 3730 salubri

564 3811 659 3869 statu
688 3815 809 3868 nostro
838 3812 876 3869 et
902 3802 1065 3887 Johanne
1094 3804 1213 3868 uxoris
1242 3803 1392 3888 predicti
1420 3801 1597 3886 Johannis
1622 3801 1735 3869 Stoice
1760 3802 1845 3867 dum
1870 3801 2072 3882 vixerimus,

563 3948 600 4005 et
628 3958 693 4025 pro
724 3939 913 4006 animabus
943 3941 1078 4008 domini
1100 3941 1267 4008 Edwardi
1295 3959 1407 4026 nuper
1428 3939 1545 4026 Regis
1566 3939 1701 4026 Anglie
1723 3939 1824 4004 tercii
1851 3947 1888 4006 et
1909 3937 2075 4022 Philipps

564 4073 746 4148 Consortis
775 4095 850 4156 sue,
880 4077 1016 4144 domini
1047 4077 1213 4145 Edwardi
1242 4075 1308 4143 filii
1337 4077 1393 4144 sui
1422 4076 1651 4163 primogeniti
1681 4096 1724 4143 ac
1753 4095 1873 4143 eorum
1910 4073 2076 4162 progeni·

563 4215 702 4297 torum,¹
730 4229 766 4284 et
788 4238 854 4304 pro
880 4218 1069 4286 animabus
1087 4218 1261 4302 Johannis
1284 4217 1407 4297 stoke,
1430 4213 1566 4302 Rogeri
1589 4212 1702 4283 Stoke
1723 4223 1760 4280 et
1779 4211 1934 4299 Agnetis
1955 4211 2074 4278 vxoris

561 4352 649 4438 ejus,
681 4353 794 4438 patris
821 4363 858 4420 et
886 4355 1010 4421 matris
1039 4355 1188 4439 predicti
1215 4354 1390 4437 Johannis
1418 4350 1541 4432 Stoice,
1571 4351 1689 4418 Alicie
1718 4360 1754 4417 et
1780 4349 1898 4416 Isolde
1923 4367 2071 4416 uxorum

563 4487 649 4554 dicti
669 4487 844 4570 Johannis
866 4485 988 4569 Stoke,
1012 4489 1147 4556 domini
1169 4490 1334 4556 Mauricii
1356 4489 1484 4576 Wych,
1508 4487 1642 4567 militis,
1668 4487 1814 4554 Walteri
1837 4485 2073 4572 Monyngton,

564 4623 719 4690 Abbatis
771 4623 967 4705 Glastonie,
1021 4627 1168 4693 Andree
1222 4626 1422 4703 Bramcote,
1476 4625 1612 4693 Tbome
1663 4625 1793 4711 Wych,
1845 4623 2075 4689 Monaeorum
2105 4673 2107 4677 Α

567 4759 763 4843 Glastonie,
793 4761 959 4848 Hugonis
988 4762 1134 4844 Pecche,
1166 4763 1317 4830 Galfridi
1347 4763 1556 4831 Beaufloure
1585 4772 1621 4829 et
1649 4781 1715 4847 pro
1738 4760 1926 4828 annnabus
1947 4759 2075 4845 quibus

396 4915 484 4977 tare.
568 4899 683 4966 dicbus
710 4900 891 4983 Johannes
918 4897 1030 4968 Stoke
1058 4906 1244 4969 tenebatur
1278 4902 1315 4968 in
1355 4903 1431 4970 vita
1466 4923 1541 4982 sua,
1578 4910 1615 4967 et
1652 4900 1839 4967 animabus
1875 4897 2005 4964 nostris
2040 4903 2078 4962 et

567 5038 729 5123 Johanne
757 5040 878 5107 uxoris
906 5040 1054 5126 predicti
1082 5040 1256 5123 Johannis
1286 5040 1397 5107 Stolre
1426 5059 1506 5106 cum
1534 5039 1579 5105 de
1600 5038 1668 5104 hac
1696 5038 1774 5102 luce
1796 5033 2075 5122 migrauerimus,

1156 5212 1167 5244 1
1185 5211 1246 5264 ars.
1262 5211 1493 5280 pomoffmrtomm.
