5224 6596
619 860 689 934 ²³2
962 835 1060 926 dhe
1084 835 1222 925 little
1247 834 1346 925 ileo
1369 831 1498 924 tloolt
1525 831 1574 922 of
1597 832 1784 923 soant.

617 1061 653 1117 et
695 1051 934 1120 emolumenta
978 1069 1040 1118 scu
1082 1047 1249 1136 proficua,
1290 1048 1371 1134 jura
1414 1055 1451 1113 et
1500 1045 1768 1114 cmmoditates
1817 1045 1977 1132 predicta
2029 1047 2122 1116 inire

616 1187 836 1272 procinctum
865 1187 959 1256 dicte
988 1187 1073 1254 ville
1101 1185 1282 1254 Bristollie
1310 1193 1347 1252 et
1387 1181 1509 1251 omnia
1545 1201 1764 1268 quecumque
1800 1182 2023 1270 emergentia
2058 1203 2122 1252 seu

614 1324 668 1390 eis
696 1323 915 1409 pertinencia
943 1324 989 1390 de
1012 1322 1177 1391 omnibus
1201 1320 1415 1402 hominibus,
1438 1318 1674 1386 residentibus
1702 1328 1738 1386 et
1768 1337 1841 1386 non
1874 1319 2122 1406 residentibus,

615 1460 754 1547 integre
794 1461 994 1530 tenenciunr
1032 1460 1109 1528 siue
1142 1480 1216 1528 non
1257 1461 1406 1546 integre,
1445 1459 1491 1524 de
1528 1455 1693 1524 omnibus
1729 1457 1836 1525 rebus
1877 1457 1969 1526 inira
2006 1459 2121 1528 dictos

613 1597 833 1679 comitatum,
862 1598 985 1666 villam
1013 1607 1051 1666 et
1085 1597 1304 1685 procinctum
1340 1597 1614 1683 emergentibus,
1643 1596 1734 1664 adeo
1768 1595 1875 1682 plene
1909 1604 1946 1664 et
1980 1596 2119 1684 integre

614 1731 706 1800 sicut
734 1753 777 1800 aa
806 1753 872 1800 nos
900 1733 1110 1802 haberemus
1134 1735 1166 1801 si
1195 1734 1317 1800 villam
1347 1735 1540 1820 predictam
1570 1735 1607 1800 in
1636 1753 1745 1800 manu
1772 1739 1895 1800 nostra
1914 1733 2118 1802 retinuisse·

614 1889 703 1936 mus.
748 1868 948 1938 Reddenda
970 1869 1053 1939 inde
1075 1871 1258 1940 annuatim
1280 1869 1384 1937 nobis
1406 1879 1442 1937 et
1463 1869 1651 1938 heredibus
1671 1869 1803 1937 nostris
1824 1870 1871 1936 ad
1893 1867 2117 1937 Scaocarium

613 2014 773 2074 nostrum
800 2027 823 2072 a
844 2007 938 2076 dicto
967 2005 1057 2076 festo
1079 2005 1204 2076 Sancti
1225 2007 1422 2090 Michaelis,
1446 2011 1597 2074 durante
1618 2007 1770 2074 termino
1791 2005 1920 2094 viginti
1945 2025 2117 2074 annonrm

613 2143 860 2228 predictorum,
890 2153 1031 2214 centrum
1062 2154 1099 2212 et
1126 2145 1216 2212 duas
1244 2145 1365 2226 libras,
1395 2144 1596 2232 quindecim
1622 2144 1755 2212 solidos
1782 2153 1820 2212 et
1848 2163 1914 2210 sex
1941 2143 2117 2225 denudes,

615 2281 661 2348 ad
688 2281 780 2348 festa
805 2281 943 2350 Pascha
971 2291 1008 2348 et
1038 2279 1164 2350 Sancti
1192 2279 1379 2350 Michaelis
1408 2279 1627 2366 Archangeli
1655 2299 1720 2365 per
1747 2279 1892 2366 equales
1919 2279 2116 2366 porciones,

612 2427 650 2485 et
677 2417 815 2486 Abbati
832 2421 877 2485 de
900 2417 1130 2506 Teukesbury
1152 2427 1189 2486 et
1214 2415 1474 2486 successoribus
1498 2417 1572 2483 suis
1597 2435 1662 2502 pro
1684 2415 1833 2482 decimis
1855 2416 1941 2484 ville
1962 2417 2119 2502 predicte

612 2525 884 2640 quatuordecim
914 2556 1024 2623 libras
1057 2565 1093 2623 st
1122 2556 1244 2624 decern
1274 2554 1428 2629 solidos;
1467 2552 1580 2620 Priori
1610 2551 1734 2620 Sancti
1761 2551 1897 2635 Jacobi,
1927 2551 2119 2634 Bristollie,

611 2699 648 2757 et
673 2693 932 2760 successoribus
958 2693 1032 2760 suis
1056 2693 1102 2760 de
1123 2711 1243 2760 annuo
1266 2689 1406 2759 redditu
1427 2687 1621 2756 molendini
1643 2687 1727 2754 ville
1747 2687 1904 2773 predicte
1930 2686 2121 2774 sexaginta

390 2843 577 2894 amnicor-
611 2830 765 2908 solidos;
815 2828 1086 2900 Constabulario
1123 2831 1240 2900 Castri
1275 2829 1457 2898 Bristollie
1492 2838 1530 2894 et
1564 2825 1737 2893 ministris
1765 2825 1840 2894 suis
1867 2844 1933 2911 pro
1961 2833 2120 2910 tempore

397 2918 571 3088 {iffi}
612 2967 856 3048 existentibus,
884 2967 1049 3036 aranee
1077 2965 1228 3050 Jannoa
1265 2978 1301 3034 et
1336 2963 1529 3054 urgeres
1565 2963 1651 3032 arcti
1688 2961 1804 3030 caer
1840 2971 1877 3030 a
1911 2961 2121 3030 nemeaea

612 3102 657 3168 de
682 3101 945 3189 Kyngeswode,
967 3101 1117 3188 triginta
1145 3111 1182 3168 et
1211 3119 1338 3169 nouem
1368 3099 1490 3182 libras,
1524 3097 1791 3185 quatuordeeim
1824 3098 1958 3167 solidos
1990 3109 2027 3166 et
2055 3115 2121 3166 sex

614 3239 791 3319 denarios,
832 3239 1022 3306 soluendos
1059 3238 1242 3306 annuatim
1280 3237 1430 3304 durante
1469 3233 1620 3302 termino
1657 3234 1816 3321 predicto
1852 3235 1900 3302 ad
1943 3233 2120 3320 predictos

612 3375 703 3442 duos
741 3374 827 3441 anni
864 3375 1034 3442 terminos
1073 3393 1137 3460 per
1174 3373 1317 3458 equales
1356 3370 1541 3457 porciones
1580 3390 1645 3456 pro
1685 3371 1850 3440 omnibus
1886 3369 2046 3438 seruiciis
2083 3378 2120 3436 et

613 3511 789 3578 oneribus.
833 3511 881 3580 Et
917 3511 1063 3580 ulterius
1099 3512 1145 3580 do
1179 3509 1331 3578 uberiori
1366 3511 1491 3598 gracia
1533 3520 1655 3578 nostra
1693 3519 1730 3576 et
1766 3509 1803 3575 in
1837 3509 2009 3578 auxdium
2045 3519 2120 3576 tarn

613 3667 792 3716 muronrm
821 3647 917 3716 Kale
944 3649 1030 3716 ville
1050 3648 1208 3735 predicte
1230 3667 1337 3734 quarn
1360 3647 1510 3714 aliorum
1533 3665 1711 3713 murorum
1733 3655 1770 3712 et
1791 3645 1939 3732 panagii
1963 3645 2120 3731 ejusdem

613 3785 698 3852 ville
739 3787 1015 3870 reparandorum
1050 3793 1087 3854 et
1123 3784 1422 3852 emendandorum
1459 3781 1697 3849 concessimus
1732 3779 1879 3868 prefatis
1914 3781 2044 3868 Maiori
2084 3789 2121 3850 et

613 3921 867 3992 Communitati
896 3933 932 3989 et
962 3923 1221 3990 successoribus
1250 3923 1324 3990 suis
1353 3920 1448 4007 quod
1476 3917 1547 4005 ipsi
1576 3938 1622 3985 ex
1650 3937 1753 3998 nunc,
1783 3919 1934 3986 durante
1969 3920 2120 3988 termino

612 4056 781 4142 predicto,
822 4057 966 4142 capiant
1006 4059 1051 4126 de
1090 4059 1196 4127 rebus
1235 4057 1420 4126 venalibus
1460 4056 1506 4124 ad
1545 4055 1667 4123 uillam
1705 4054 1900 4140 predictam
1939 4064 2015 4124 tam
2055 4075 2120 4142 per

612 4200 742 4260 terram
772 4211 879 4278 quam
907 4211 972 4278 per
1000 4213 1129 4280 aquam
1158 4193 1382 4262 venientibus
1406 4213 1470 4280 per
1506 4213 1634 4261 manus
1665 4191 1807 4262 illorum
1841 4211 1932 4279 quos
1969 4192 2016 4260 ad
2051 4171 2121 4262 nde

614 4329 870 4414 deputauerint,
929 4338 965 4397 et
1029 4348 1095 4415 pro
1160 4329 1288 4416 quibus
1345 4328 1558 4414 respondere
1615 4327 1791 4396 voluerint
1848 4328 2120 4396 consuetudines

615 4463 842 4550 subscriptas,
885 4464 1049 4534 videlicet
1091 4467 1136 4534 de
1178 4465 1337 4552 qualibet
1379 4465 1476 4534 naui¹
1513 4464 1723 4534 mercatoria
1765 4483 1846 4532 cunr
1889 4465 2120 4532 mercandisis

614 4596 706 4665 infra
759 4609 899 4685 portum
957 4599 1089 4668 ibidem
1147 4599 1348 4687 applicante
1406 4602 1557 4692 singulis
1613 4601 1750 4670 vicibus
1804 4601 1934 4688 quibus
1987 4600 2118 4668 ibidem
2177 4636 2179 4640 ·

615 4734 848 4820 applicauerit
897 4755 975 4821 sex·
1012 4735 1186 4816 denarios,
1237 4736 1283 4805 de
1330 4737 1488 4823 qualibet
1531 4735 1635 4806 nauci
1662 4757 1743 4805 cum
1786 4737 1884 4826 pisce
1923 4737 1981 4806 vel
2024 4738 2121 4805 elece

615 4880 758 4940 cereata
811 4871 943 4940 ibidem
997 4872 1201 4960 applicante
1254 4883 1405 4961 quatuor
1457 4873 1632 4955 denarios,
1681 4874 1726 4940 de
1779 4873 1938 4959 quolibet
1989 4873 2122 4940 batallo

616 5008 825 5076 mercatorio
868 5010 925 5076 vel
962 5009 1154 5096 piscatorio
1193 5029 1273 5078 cum
1318 5009 1557 5091 mercandlsis,
1596 5009 1695 5097 pisce
1738 5011 1796 5078 vel
1840 5011 1938 5078 alecc
1980 5018 2121 5078 caicato

618 5145 749 5213 ibidem
788 5143 990 5233 applicante
1026 5147 1115 5216 duos
1151 5147 1325 5228 denarios,
1362 5151 1408 5217 de
1451 5147 1605 5237 singulis
1647 5146 1835 5235 quarteriis
1877 5145 2043 5216 humenti
2087 5156 2123 5212 et

1272 5295 1344 5354 ²Slc
1359 5303 1386 5355 in
1401 5301 1465 5357 HS.
