5224 6596
556 823 628 894 206
891 811 989 904 ube
1012 809 1151 902 little
1174 812 1274 904 uec
1298 812 1427 905 Boou
1452 812 1503 903 ot
1533 811 1719 906 annot

552 1030 699 1098 reddere
727 1027 773 1095 de
794 1028 946 1114 receptis
967 1046 1048 1094 cum
1078 1025 1267 1112 requisitus
1294 1027 1393 1095 fuero
1419 1027 1471 1095 sic
1495 1045 1554 1096 me
1579 1027 1723 1096 adiuuet
1747 1027 1847 1098 Deus
1872 1036 1909 1095 et
1934 1037 2058 1099 sanem

551 1164 749 1252 euangelia.

680 1298 723 1369 Si
752 1299 882 1388 aliquis
907 1299 1084 1368 admissus
1109 1299 1214 1368 fuerit
1238 1303 1277 1370 in
1300 1301 1511 1372 confratrem
1535 1313 1573 1371 et
1596 1304 1737 1390 pondus
1761 1301 2057 1370 confrater-ninus

549 1460 628 1508 cum
658 1437 740 1506 aliis
769 1457 841 1504 non
873 1437 1067 1525 portauerit
1102 1440 1245 1524 quando
1280 1437 1385 1509 inerit
1420 1439 1665 1528 interpellans
1701 1440 1822 1520 semel,
1858 1439 1991 1534 iterum¹
2018 1449 2055 1508 et

548 1575 658 1643 tercio
687 1573 888 1663 coripiatur,
918 1575 1015 1644 etsi
1044 1597 1083 1642 se
1108 1597 1181 1644 non
1206 1577 1447 1647 emendauerit
1475 1587 1558 1664 post
1590 1577 1884 1645 ammonicionem
1913 1596 2056 1664 compe·

545 1721 679 1782 tentem
702 1733 725 1778 a
743 1709 1030 1781 confraternitate
1046 1715 1238 1800 repellamur
1258 1726 1296 1784 et
1316 1735 1445 1783 nomen
1466 1717 1543 1802 ejus
1569 1715 1614 1781 de
1638 1715 1730 1783 libro
1755 1713 2054 1782 confi-aternitatis

545 1851 723 1926 delectum
760 1847 929 1936 quociens
958 1869 1066 1936 supra
1093 1848 1135 1918 fit
1164 1851 1302 1920 mencio
1339 1853 1385 1921 de
1419 1851 1654 1920 confratribus
1690 1851 1961 1940 intelligendum
1998 1860 2053 1918 est

545 2005 675 2054 nomen
705 1985 1004 2054 confraternitatis
1032 1987 1196 2056 similiter
1223 1988 1270 2057 de
1298 1990 1487 2059 sororibus.

660 2224 817 2303 NOTA
867 2224 954 2303 DE
1003 2225 1458 2306 FRATERNITATE
1505 2225 1935 2306 KALENDARUM.

674 2399 883 2468 Uenerabili
912 2400 949 2466 in
979 2399 1121 2468 Christo
1148 2401 1243 2488 patri
1264 2422 1307 2469 ac
1330 2403 1475 2470 domino
1503 2403 1648 2472 domino
1672 2403 1808 2471 ‘lbome
1832 2401 1904 2470 Dei
1929 2399 2052 2489 gracia
2082 2419 2274 2472 mmm

541 2535 740 2626 wygomie
768 2537 947 2623 Episcopo
977 2537 1033 2605 sus
1062 2537 1215 2605 humiles
1243 2547 1280 2605 et
1307 2539 1429 2608 deuon
1457 2539 1639 2608 Robertus
1668 2541 1714 2607 ae
1742 2539 1888 2620 Hasce,
1918 2537 2053 2604 uector
2085 2494 2281 2601 fflm

542 2675 690 2742 ecclesie
718 2675 763 2741 de
791 2673 960 2756 Derham,
990 2694 1034 2742 ac
1061 2675 1229 2744 Decanus
1257 2675 1537 2746 Christianitatis
1575 2675 1764 2758 Bristollie,
1794 2673 2052 2762 subjeccionem

543 2809 783 2878 omnimodam
812 2819 914 2877 tanto
941 2809 1036 2896 patri
1065 2810 1233 2892 debitam,
1263 2813 1502 2881 reuerenciam
1531 2824 1568 2882 et
1600 2814 1782 2881 honorem.
1842 2811 2052 2880 Mandatum

543 2957 699 3014 vestrum
716 2947 913 3034 recepimus
934 2957 1092 3015 tenorem
1115 2949 1300 3018 continens
1323 2949 1584 3037 infrascriptum
1596 2950 1806 3018 r-Thomas
1822 2949 2054 3037 permissione

545 3083 669 3152 diuina
696 3082 895 3172 Wygornio
930 3084 1142 3172 Episcopus¹
1178 3086 1317 3154 dilectis
1347 3087 1416 3156 sibi
1445 3088 1484 3155 in
1514 3087 1656 3156 Christo
1687 3087 1864 3176 Magistro
1893 3085 2054 3153 Robsrto

543 3220 590 3288 dc
634 3219 780 3301 Hasele,
820 3219 967 3290 Rectori
1005 3223 1154 3292 ecclesie
1190 3226 1236 3292 de
1273 3223 1433 3292 Derham
1472 3235 1594 3292 nostre
1630 3223 1793 3305 diocesis,
1832 3232 1869 3292 et
1907 3222 2054 3290 Decano

545 3357 737 3438 Bristcllie,
766 3358 925 3444 graciam
955 3369 991 3426 et
1027 3359 1323 3429 benediccionem.
1383 3359 1573 3446 Querulum
1608 3361 1829 3447 quorundam
1858 3359 2054 3446 recepimus

545 3493 785 3562 continentem
810 3497 905 3580 quod
931 3517 1011 3564 cum
1036 3497 1168 3564 dudum
1192 3497 1286 3564 bone
1309 3496 1479 3564 memorie
1509 3498 1722 3566 reverendus
1757 3507 1860 3583 pater
1890 3495 2054 3562 dominus

545 3639 727 3706 Walterus
769 3635 841 3703 Dei
883 3635 1006 3722 gracia
1042 3633 1241 3720 Episcopus
1284 3631 1472 3721 Wigomio
1518 3635 1746 3720 predecessor
1790 3646 1911 3701 noster
1952 3632 2055 3699 vobis

548 3775 771 3844 commiserat
808 3773 845 3840 in
883 3771 1062 3840 mandatis
1100 3779 1141 3839 ut
1180 3791 1245 3857 pro
1290 3771 1564 3839 conseruacione
1600 3771 1805 3838 libertatum
1845 3782 1881 3837 et
1917 3769 2055 3855 Jurium
2118 3734 2121 3739 Ι

548 3912 797 3982 Fratemitatis
828 3910 1073 3977 Kalendarum
1109 3907 1256 3976 ecclesie
1293 3907 1463 3976 Omnium
1500 3906 1726 3998 Sanctorum²
1761 3907 1952 3989 Bristollie,
1989 3909 2057 3974 sub

548 4051 652 4138 penis
681 4059 717 4116 et
745 4048 903 4116 censuris
932 4045 1180 4113 ecclesiasticis
1212 4054 1335 4114 contra
1370 4044 1573 4133 hujusmodi
1608 4046 1812 4114 libertatum
1848 4055 1886 4112 et
1919 4043 2056 4130 Jurium

550 4185 866 4253 ecclesiasticorum
903 4183 1071 4250 fractores
1106 4193 1143 4250 et
1172 4185 1435 4270 perturbatores
1462 4183 1708 4272 procederetis,
1734 4181 1996 4252 denunciaretis
2021 4191 2058 4249 et

431 4363 435 4371 ·
551 4321 775 4410 inquireretis
814 4341 883 4407 que
923 4321 1044 4388 omnia
1081 4321 1119 4388 in
1155 4321 1224 4387 hac
1262 4330 1364 4407 parte
1402 4321 1505 4388 vobis
1545 4320 1734 4388 commissa
1773 4341 1846 4388 non
1889 4319 1977 4388 estis
2019 4331 2058 4387 vt

554 4459 723 4528 asseritur
749 4459 855 4544 plene
884 4457 1032 4525 executi.
1091 4455 1263 4524 Nolentes
1291 4457 1379 4524 talia
1406 4457 1493 4541 Jura
1521 4456 1762 4524 ecclesiastica
1790 4459 1857 4524 sub
1893 4455 2059 4523 dissimu-

554 4601 693 4667 lacione
721 4599 872 4666 transire
901 4597 1005 4664 sicuti
1034 4617 1099 4665 nec
1128 4598 1307 4679 debemus,
1336 4599 1440 4664 vobis
1477 4609 1513 4665 et
1541 4597 1680 4683 vtrique
1707 4606 1863 4707 vestrum
1899 4595 2060 4663 commit·
2136 4615 2137 4619 ¹

555 4737 664 4805 timus
699 4746 735 4804 et
772 4737 982 4802 mandamus
1017 4735 1184 4821 quatinus
1220 4736 1341 4803 omnia
1377 4746 1414 4803 et
1450 4735 1592 4823 singula
1628 4734 1731 4802 vobis
1770 4742 1810 4801 vt
1846 4733 2061 4822 premittitur

556 4873 745 4944 commissa
781 4883 903 4940 nostra
941 4873 1097 4960 presenti
1141 4872 1349 4940 auctoritate
1392 4873 1511 4940 debite
1553 4869 1801 4938 execucionem
1844 4870 2061 4937 demandare

558 5011 698 5094 curctis,
727 5029 913 5098 processus
952 5019 989 5077 et
1029 5009 1101 5076 alia
1138 5029 1207 5096 que
1247 5010 1285 5077 in
1327 5007 1510 5096 premissis
1552 5005 1706 5074 feceritis
1749 5005 1853 5074 nobis
1896 5003 2062 5072 distincte

1070 5180 1081 5211 ²
1099 5179 1550 5246 lbommdecobhrm‚r317-1327.
