5224 6596
835 801 933 898 W
956 801 1096 897 little
1119 803 1218 894 Rev
1243 805 1373 896 Rodii
1398 803 1449 894 Of
1474 802 1664 898 ”liiidi-
1925 839 2001 912 213

486 1017 691 1104 juramento
719 1017 759 1085 in
787 1017 1014 1088 institucione
1042 1039 1109 1086 sua
1135 1017 1329 1106 prestando
1361 1018 1408 1086 ad
1443 1018 1512 1086 hoc
1547 1018 1749 1106 specialiter
1784 1023 2004 1114 astringatur

491 1154 596 1241 iuxta
631 1155 775 1222 modum
812 1161 849 1222 et
886 1152 1036 1222 formam
1079 1154 1208 1242 quibus
1243 1153 1367 1221 vicarii
1402 1153 1629 1222 ecclesiarum
1663 1157 1919 1244 parochialium
1956 1163 2007 1230 ad

493 1290 719 1358 residendum
757 1291 796 1358 in
834 1291 910 1360 suis
945 1291 1090 1360 vicariis
1129 1289 1399 1360 constitucionis
1436 1289 1572 1358 domini
1609 1290 1787 1362 Octoboni
1824 1297 2004 1382 quondam

495 1428 590 1496 sedis
619 1428 812 1515 apostolice
840 1429 952 1518 legati
988 1429 1061 1497 sint
1096 1428 1214 1498 artati.
1272 1426 1471 1496 Statuimus
1506 1427 1651 1516 insuper
1684 1441 1721 1498 et
1759 1433 2007 1503 ordinauimus

495 1566 590 1652 quod
634 1565 728 1632 idem
770 1574 962 1652 perpetuus
1005 1563 1232 1652 Capellamus
1283 1562 1436 1652 singulis
1486 1563 1623 1644 diebus,
1673 1565 1771 1632 horis
1821 1567 2003 1636 canonicis

495 1704 773 1790 quibuscumque
809 1711 846 1770 et
876 1701 999 1781 missa,
1034 1721 1187 1770 vnacum
1223 1700 1418 1788 Capeliano
1453 1699 1622 1787 parochie
1661 1701 1755 1769 dicte
1794 1705 1930 1790 capelle
1966 1711 2008 1772 et

494 1839 666 1908 ministris
695 1838 776 1906 aliis
804 1837 842 1904 in
870 1838 996 1906 eadem
1025 1836 1256 1924 superpelicie
1284 1835 1429 1904 indutus
1457 1838 1691 1924 personaliter
1718 1839 1867 1920 intersit,
1889 1842 2004 1927 quod-

494 1995 563 2063 que
592 1976 631 2043 in
658 1975 784 2044 eadem
812 1975 952 2061 capella
979 1973 1181 2062 specialiter
1208 1983 1245 2040 et
1280 1974 1385 2059 plene
1421 1971 1573 2042 officium
1610 1994 1690 2043 cum
1726 1979 2000 2047 comendacione

494 2112 591 2182 dicat
615 2112 745 2180 cotidie
767 2121 994 2193 mortuorum,
1024 2121 1061 2178 et
1089 2112 1185 2197 quod
1220 2111 1371 2199 singuiis
1407 2109 1532 2178 diebus
1560 2121 1721 2180 cessante
1749 2111 2008 2200 impedimento

494 2249 655 2335 legitimo
683 2247 829 2315 missam
857 2267 923 2336 pro
952 2246 1072 2314 anima
1107 2244 1193 2312 dicti
1229 2245 1378 2312 Ricardi
1413 2245 1570 2315 defimcti
1605 2255 1642 2316 et
1679 2250 1865 2318 animabus
1902 2259 2007 2318 ante·

431 2433 436 2447 .
494 2404 673 2453 cessomm
702 2402 844 2451 suorum
873 2391 911 2450 et
934 2382 1093 2450 omnium
1121 2379 1278 2448 fidelium
1307 2378 1560 2466 defunctorum,
1590 2402 1728 2452 necnon
1750 2385 1884 2452 salubri
1904 2396 2003 2454 statu

349 2541 354 2550 ·
494 2531 616 2588 nosue
645 2529 681 2587 et
711 2519 845 2588 Thome
872 2512 938 2588 filii
966 2518 1052 2588 dicti
1081 2517 1236 2586 defuncti
1265 2519 1349 2585 durn
1378 2517 1581 2602 vixerimus,
1603 2529 1640 2590 et
1662 2521 1848 2589 animabus
1869 2524 2007 2592 nostris

494 2674 575 2724 cum
605 2657 652 2722 ab
680 2657 749 2722 hac
784 2655 864 2724 luce
899 2654 1071 2723 subtracti
1106 2655 1286 2736 fuerimus,
1322 2674 1366 2723 ac
1400 2655 1514 2724 eciam
1550 2657 1684 2724 salubri
1721 2667 1817 2726 statu
1852 2659 2002 2748 Maioris

495 2792 675 2860 Bristollie
703 2792 765 2879 qui
792 2813 858 2880 pro
887 2801 1046 2878 tempore
1073 2791 1178 2859 fierit
1198 2801 1235 2860 et
1256 2791 1530 2862 Communitatis
1553 2793 1711 2882 ejusdem
1733 2796 1803 2864 loci
1823 2797 2007 2866 celebrare

494 2939 667 2997 teneatun
722 2929 767 2996 In
811 2949 882 3016 qua
921 2929 1033 2998 missa
1068 2928 1286 3014 subscriptas
1322 2928 1520 3002 oracionesz
1577 2929 1773 2999 “Concede
1809 2953 2006 3020 quesumus

494 3064 649 3134 Domine
676 3065 810 3134 famulo
838 3075 899 3132 tuo
929 3065 1108 3152 Episcopo
1144 3076 1266 3134 nostro
1302 3076 1342 3133 vt
1377 3067 1592 3152 predicando
1627 3077 1665 3135 et
1702 3071 1898 3138 exercendo
1934 3091 2008 3156 que·

493 3215 590 3272 recto
619 3215 702 3273 sunt
729 3206 893 3290 exemplo
914 3205 1087 3271 bonorum
1110 3223 1256 3290 operum
1278 3203 1417 3270 animas
1443 3222 1586 3270 suorum
1609 3203 1762 3273 instruat
1783 3207 2005 3274 subditorum

494 3351 531 3408 et
570 3351 691 3408 eterne
729 3339 1028 3408 remuneracionis
1064 3341 1260 3408 mercedem
1298 3350 1335 3408 te
1370 3339 1531 3428 piissime
1575 3351 1698 3426 pastor
1732 3343 1904 3430 percipiat
1939 3363 2010 3430 per

495 3475 674 3545 Christum
685 3477 707 3504 '³
736 3485 814 3557 etc,
843 3480 865 3514 ‘⁸
873 3475 1025 3543 Munera
1054 3485 1177 3544 nostra
1206 3496 1397 3561 quesumus
1425 3477 1567 3543 domine
1599 3487 1763 3564 precatus
1792 3479 1930 3566 suscipe
1966 3491 2003 3548 et

494 3613 665 3682 famulum
693 3621 793 3680 tuum
818 3611 1036 3698 Episcopum
1065 3621 1226 3681 nostrum
1249 3633 1465 3704 gregemque
1487 3613 1555 3679 sibi
1578 3614 1804 3681 commissum
1826 3616 2007 3704 benignus

494 3769 635 3836 semper
662 3759 698 3816 et
726 3749 936 3836 ubicumque
965 3749 1237 3817 misericorditer
1265 3759 1414 3837 protege
1448 3768 1513 3835 per
1542 3749 1754 3832 Christum,”
1784 3762 1863 3834 etc,
1889 3753 2008 3822 “Hec¹

495 3906 561 3953 nos
590 3887 791 3955 communio
820 3886 962 3954 domine
990 3895 1119 3973 purget
1147 3905 1172 3952 a
1200 3885 1345 3952 crimine
1375 3894 1412 3952 et
1444 3883 1614 3954 famulum
1650 3896 1750 3954 tuum
1786 3887 2032 3988 Episcopum

495 4027 655 4088 nostrum
684 4019 979 4106 commissumque
1008 4019 1077 4088 sibi
1105 4040 1252 4108 gregem
1281 4020 1439 4110 benigna
1460 4041 1651 4107 quesumus
1671 4023 1805 4110 pietate
1833 4046 2008 4094 conserua

495 4178 561 4246 per
588 4157 801 4241 Christum,''
830 4168 909 4241 eta,
935 4179 1001 4248 pro
1029 4158 1163 4227 salubri
1191 4168 1289 4225 statu
1312 4167 1434 4226 nostro
1459 4160 1543 4225 dum
1567 4159 1784 4228 vixerimus:
1822 4162 2006 4230 medones

494 4302 697 4378 sequentes:
754 4293 888 4362 “Deus
931 4295 992 4380 qui
1036 4295 1128 4364 inter
1169 4295 1398 4383 Apostolicos
1437 4297 1639 4364 sacerdotes
1688 4297 1859 4366 famulum
1903 4309 2002 4368 tuum

493 4427 690 4516 pontificali
719 4428 894 4516 dignitate
922 4431 1058 4499 censeri
1086 4431 1234 4512 fecisti,”
1266 4441 1344 4512 etc,
1376 4431 1599 4502 “offerimus
1631 4435 1698 4502 tibi
1726 4434 1869 4502 domine
1904 4437 2009 4504 obla·

494 4566 631 4633 cionem
660 4566 873 4647 seruitutis,”
902 4576 982 4648 etc,
1010 4567 1209 4636 “Proficiat
1246 4587 1438 4655 quesumus
1467 4569 1611 4636 domine
1639 4569 1757 4636 anime
1793 4569 1916 4638 famuli
1952 4572 2005 4638 tui

493 4701 671 4789 pontificis
706 4703 830 4772 diuina
870 4703 1097 4786 celebracio,”
1132 4713 1211 4784 etc,
1250 4701 1466 4783 “Miscent''
1503 4714 1583 4780 etc„
1618 4723 1684 4788 pro
1724 4703 1845 4770 anima
1883 4713 2008 4772 nostra

494 4855 575 4904 cum
604 4838 651 4903 ab
678 4837 747 4903 hac
779 4836 858 4904 luce
894 4837 1065 4906 subtracti
1100 4837 1281 4921 fuerimus,
1318 4838 1389 4906 dici
1429 4839 1604 4919 volumus,
1640 4848 1715 4906 tam
1750 4840 1870 4906 debite
1898 4859 2004 4926 quam

495 4973 633 5057 deuote,
662 4971 863 5058 specialiter
889 4969 957 5062 per
982 4977 1144 5042 eundem.
1200 4973 1305 5062 Quod
1334 4975 1366 5042 si
1393 4975 1513 5046 forsan
1543 4979 1766 5064 capsumum
1794 4987 2005 5066 perpetuum

496 5107 590 5175 dicte
608 5109 766 5179 cantaria
787 5109 864 5176 siue
882 5107 1088 5178 infirmitate
1101 5111 1160 5178 vel
1179 5111 1250 5178 alio
1272 5112 1524 5198 impedimento
1545 5114 1715 5183 canonico
1733 5114 1940 5204 detinerei(
1965 5115 2000 5204 ⁶)
