5224 6596
845 842 944 934 llos.
966 839 1105 932 little
1129 839 1227 932 lieo
1252 841 1382 932 Boos
1407 841 1458 930 cf
1487 840 1679 931 litlstcl.
1939 863 2006 916 211

504 1057 663 1146 sigillum
721 1055 828 1126 officii
880 1056 952 1126 mei
1008 1056 1203 1142 majoratus
1259 1053 1483 1142 presentibus
1532 1052 1698 1122 duximus
1749 1051 2009 1140 apponendum.

503 1195 638 1262 Datum
667 1193 848 1262 Brlstollie
875 1193 1043 1262 vicesimo
1071 1201 1199 1260 octauo
1235 1192 1294 1260 die
1327 1189 1499 1276 Ianuarii,
1533 1209 1628 1256 anno
1657 1190 1792 1258 domini
1820 1189 2009 1258 millesimo

503 1349 564 1398 ccc
588 1329 716 1418 lxxiiii,
744 1339 782 1398 et
810 1349 905 1398 anno
934 1327 1036 1416 regni
1063 1327 1160 1416 regis
1187 1327 1355 1396 Edwardi
1384 1326 1484 1395 tercii
1513 1335 1595 1412 post
1627 1335 1857 1414 conquestum
1893 1325 2006 1412 quad·

503 1466 681 1554 ragesimo
710 1485 817 1534 nono.

405 1750 413 1768 ·
509 1707 843 1785 COMPOSICIO
896 1705 1190 1784 CANTARIE
1238 1703 1489 1782 RICARDI
1531 1703 1616 1780 DE
1669 1701 1907 1780 WELLES
1945 1701 2018 1780 IN

853 1855 1134 1934 ECCLESIA
1185 1855 1398 1933 SANCTI
1443 1853 1653 1932 THOME.

631 2031 820 2102 Uniuersis
870 2040 994 2099 sancte
1043 2030 1168 2098 matris
1211 2029 1359 2098 ecclesie
1408 2028 1493 2096 filiis
1543 2030 1590 2096 ad
1640 2047 1789 2115 quorum
1839 2025 2007 2094 noticiam
2060 2039 2203 2092 canons

497 2168 697 2254 peruenerit
725 2168 792 2234 bec
821 2166 1004 2252 scriptura,
1034 2165 1249 2251 Radulpbus
1277 2165 1509 2254 pennissione
1538 2165 1661 2233 diuina
1689 2163 1941 2232 Bathoniensis
1970 2172 2007 2231 et
2064 2115 2208 2286 ἓξὲξ

495 2301 688 2370 wellensis
710 2301 919 2388 Episcopus,
933 2302 1084 2370 salutem
1106 2301 1144 2368 in
1165 2301 1321 2370 Domino
1343 2301 1605 2388 sempiternam.
1649 2299 1818 2368 Humane
1838 2299 2007 2370 memorie

496 2441 656 2509 labilitas
677 2442 914 2528 decursusque
936 2441 1106 2527 temporis
1126 2439 1304 2508 continuis
1326 2439 1542 2507 obliuionem
1563 2437 1774 2506 multociens
1799 2436 2006 2506 inducentes

498 2597 565 2646 nos
595 2577 732 2646 exitant
768 2586 805 2646 et
840 2578 1012 2646 inducunt
1048 2587 1089 2644 vt
1131 2597 1175 2646 ea
1218 2595 1288 2664 que
1331 2576 1378 2642 ad
1414 2576 1584 2642 honorem
1623 2574 1705 2654 Dei,
1742 2574 1856 2642 diuini
1891 2575 2007 2641 cultus

499 2675 738 2802 angmentum,
769 2735 812 2782 ac
845 2716 1043 2783 animarum
1076 2717 1227 2784 salutem
1259 2711 1488 2781 laudabiliter
1519 2720 1690 2798 geruntur
1722 2711 1761 2778 in
1798 2712 2007 2797 scripturam

498 2871 568 2937 que
607 2850 776 2919 memorie
815 2861 935 2920 custos
976 2849 1093 2919 fidelis
1136 2851 1259 2919 existit
1301 2849 1473 2918 veradter
1514 2849 1723 2936 redigamus=
1762 2849 1800 2914 in
1840 2867 2008 2934 processu

497 2988 667 3074 temporis
696 3007 754 3056 res
782 2998 884 3076 geste
913 2990 1101 3056 salubriter
1129 2989 1167 3058 in
1196 2989 1342 3057 dubium
1371 2995 1589 3055 reuocentur.
1634 2985 1866 3053 Vniuersitati
1899 2985 2009 3072 igitur

496 3133 612 3192 vestre
638 3133 760 3192 tenore
799 3125 1021 3212 presencium
1062 3125 1269 3192 intimamus
1305 3123 1401 3210 quod
1440 3143 1521 3190 cum
1557 3121 1737 3189 Ricardus
1774 3121 1820 3189 de
1860 3121 2006 3202 Welles,

497 3259 694 3346 Burgensis
722 3259 904 3329 Bristollia
928 3263 1005 3348 jam
1034 3261 1231 3342 damnatus,
1260 3260 1299 3326 in
1327 3259 1454 3326 ultima
1482 3259 1665 3326 voluntate
1693 3279 1760 3325 sua
1795 3258 2008 3344 dispositius

495 3397 563 3464 rite
591 3396 761 3477 confecta,
791 3407 828 3464 et
857 3399 1066 3465 auctoritate
1094 3407 1216 3466 nostra
1244 3395 1405 3482 legitime
1433 3397 1642 3482 approbata,
1672 3405 1769 3463 certa
1804 3405 2008 3464 tenementa

497 3553 573 3613 sua,
602 3532 766 3600 videlicet
796 3535 886 3602 duas
916 3535 1017 3602 aulas
1046 3554 1127 3602 curn
1156 3533 1279 3619 sbopis
1308 3531 1553 3618 adjacentibus
1588 3543 1626 3601 et
1661 3536 1743 3602 aliis
1778 3533 2007 3621 pertinenciis

496 3688 587 3755 quas
615 3669 701 3734 emit
726 3670 772 3736 de
799 3669 962 3753 Johanne
989 3670 1159 3738 Tunbrell
1189 3671 1341 3737 situatas
1368 3670 1407 3736 in
1436 3671 1615 3738 suburbiis
1643 3672 1728 3738 ville
1756 3671 1938 3738 Bristcllie
1967 3671 2004 3738 in

494 3803 574 3870 vico
617 3803 817 3884 Fullonum‚
860 3814 898 3872 et
940 3825 1031 3891 quas
1074 3806 1169 3874 idem
1212 3808 1392 3880 Ricardus
1435 3813 1481 3880 de
1523 3831 1692 3899 expressa
1736 3821 1773 3880 et
1821 3813 2004 3880 voluntate

493 3938 782 4008 excellentissimi
817 3940 989 4028 principis
1026 3951 1063 4010 et
1102 3945 1238 4014 domini
1276 3949 1389 4017 nostri
1421 3950 1556 4018 domini
1585 3949 1752 4018 Edwardi
1780 3949 1851 4016 Dei
1879 3949 2003 4036 gracia

493 4077 610 4164 Regis
638 4075 774 4162 Anglie
801 4077 949 4145 illustris
976 4089 1060 4164 post
1087 4093 1318 4170 conquestum
1339 4087 1450 4168 tercii,
1474 4107 1517 4156 ac
1541 4087 1700 4156 omnium
1721 4097 1759 4154 et
1779 4087 2000 4174 singulorum

493 4213 642 4281 aliorum
679 4233 828 4300 quorum
865 4212 1033 4282 intererat
1068 4218 1115 4283 ad
1151 4240 1296 4289 manum
1332 4233 1508 4292 morosam
1546 4223 1685 4310 adquiri
1719 4222 1922 4308 procurauit
1965 4232 2002 4290 et

491 4352 576 4420 fecit
610 4371 675 4437 pro
710 4372 783 4419 vna
817 4352 977 4418 cantaria
1011 4365 1183 4440 perpetua
1220 4359 1260 4425 in
1302 4361 1442 4447 capella
1484 4360 1580 4429 beati
1621 4359 1768 4440 Thomu,
1807 4359 2000 4438 Bristollie,

492 4499 613 4556 nostre
648 4487 809 4568 diocesis,
838 4507 904 4574 pro
941 4488 1062 4556 anima
1100 4491 1213 4579 ipsius
1247 4495 1397 4563 Ricardi
1436 4507 1474 4564 et
1512 4496 1700 4564 animabus
1737 4507 2000 4564 antecessorum

492 4644 634 4694 sucrum
687 4633 726 4692 at
775 4623 933 4692 omnium
984 4623 1141 4694 fidelium
1191 4627 1435 4698 destructorum
1485 4627 1706 4697 celebrandis
1756 4629 1913 4716 legasset
1962 4638 2000 4696 et

489 4761 720 4848 assignasset.
766 4760 820 4827 Ac
848 4759 960 4848 Hugo
988 4761 1034 4829 de
1060 4761 1314 4854 Langbrogge,
1342 4765 1531 4868 burgensis
1565 4763 1759 4845 Bristcllie
1795 4763 1916 4831 Adam
1952 4764 1998 4832 de

489 4897 699 4979 Cbelwortb,
736 4899 923 4985 burgensis
959 4899 1162 4982 Welleusis,
1199 4912 1236 4968 et
1269 4902 1452 4987 Jobannes
1488 4901 1610 4988 Otery‚
1647 4908 1852 4969 executores
1887 4910 1997 4969 testa-

488 5035 599 5102 menti
632 5033 720 5100 dicti
758 5033 924 5117 defuncti,
953 5037 992 5103 in
1028 5039 1213 5124 presencia
1249 5049 1373 5108 nostra
1414 5039 1616 5126 specialiter
1656 5035 1852 5118 constituti,
1892 5038 1996 5105 nobis

486 5171 667 5241 humiliter
708 5171 968 5256 supplicassent
1010 5173 1105 5261 quod
1148 5175 1343 5244 cantariam
1378 5174 1582 5262 huiusmodi
1617 5175 1665 5244 ad
1699 5191 1808 5258 quam
1845 5173 1926 5239 aule
1958 5182 1996 5240 et
