5294 6592
845 777 943 868 dbc
966 775 1106 866 little
1130 776 1229 865 'ricc
1253 776 1383 866 ticoh
1409 777 1461 867 ct
1491 777 1679 870 tirietct
1965 794 2010 865 81

504 993 549 1058 de
577 991 669 1096 aliis,
698 991 736 1058 in
765 1012 838 1077 qua
866 990 1033 1072 Ciuitate,
1062 989 1151 1056 feria
1178 990 1236 1056 vel
1272 990 1360 1058 villa
1397 991 1492 1058 idem
1528 1013 1680 1079 querens
1709 995 1746 1062 in
1775 998 1883 1081 plena
1917 1000 2018 1066 curia

413 1181 421 1197 .
503 1129 757 1196 disracionauit
783 1147 909 1196 versus
934 1127 1086 1196 eundem
1116 1126 1365 1196 defendentem
1402 1131 1560 1215 dampna
1595 1151 1659 1216 per
1694 1133 2013 1204 consideracionem

502 1261 660 1328 ciusdem
690 1260 804 1342 Curie,
830 1270 867 1328 et
903 1261 998 1346 quod
1035 1259 1203 1326 iudicium
1246 1258 1314 1325 fuit
1349 1259 1481 1326 ibidem
1519 1261 1679 1346 plenarie
1720 1275 1917 1346 executum,
1958 1271 2016 1334 vel

502 1397 598 1482 quod
627 1397 718 1464 alias
746 1396 857 1464 traxit
886 1416 967 1463 eum
996 1395 1034 1461 in
1063 1395 1233 1481 placitum
1262 1397 1308 1462 de
1337 1397 1463 1463 eadem
1491 1399 1774 1484 transgressione
1803 1421 1867 1468 seu
1895 1404 2018 1472 debito

502 1533 645 1614 ibidem,
675 1543 711 1600 et
739 1533 835 1620 quod
864 1533 933 1619 ipsi
966 1533 1099 1599 ibidem
1127 1533 1172 1600 de
1201 1533 1325 1600 codem
1354 1535 1557 1602 concordati
1579 1535 1729 1616 fuerunt,
1758 1547 1795 1606 et
1816 1542 1911 1624 quod
1937 1542 2016 1628 ipse

501 1673 570 1738 hcc
613 1670 782 1757 cognouit
824 1670 955 1737 ibidem
1000 1669 1038 1736 in
1081 1670 1188 1756 plena
1233 1669 1349 1751 Curia,
1394 1681 1432 1737 et
1475 1673 1569 1757 quod
1614 1675 1783 1760 scripturn
1828 1677 1906 1763 ipse
1949 1699 2014 1764 per

502 1810 633 1877 malam
669 1809 866 1876 custodiam
902 1809 959 1874 vel
995 1807 1257 1894 negligenciam
1294 1805 1447 1893 perdidit
1483 1810 1539 1876 vel
1580 1809 1656 1877 sine
1697 1812 1828 1899 scripto
1868 1814 1906 1880 in
1946 1817 2012 1882 tali

503 1946 611 2016 Curia
630 1945 853 2014 omnimodas
875 1945 1049 2028 acciones,
1072 1955 1151 2027 etc,
1173 1965 1284 2031 vsque
1313 1947 1360 2012 ad
1389 1945 1483 2012 diem
1513 1947 1731 2016 remissionis
1759 1959 1796 2016 et
1818 1953 1954 2020 remisit
1976 1963 2016 2022 et

502 2089 548 2155 de
572 2108 615 2154 eo
643 2099 748 2156 vocat
788 2089 923 2154 rotulos
960 2085 1120 2152 eiusdem
1166 2082 1272 2150 Curie
1310 2085 1357 2150 ad
1396 2085 1610 2152 waranciam
1650 2107 1713 2154 seu
1751 2091 2014 2176 probacionem,

502 2247 566 2313 per
593 2226 688 2312 quod
717 2225 794 2312 ipse
822 2223 975 2291 intendit
1003 2221 1098 2307 quod
1128 2239 1278 2306 querens
1306 2239 1429 2288 versus
1464 2241 1545 2287 eum
1583 2221 1666 2289 inde
1702 2245 1796 2292 nunc
1832 2227 2012 2296 accionem

501 2365 633 2432 habere
662 2381 734 2429 non
770 2361 894 2446 possit,
931 2379 1011 2426 cum
1048 2359 1166 2425 nulius
1195 2377 1259 2441 pro
1294 2377 1366 2422 vna
1405 2368 1441 2423 et
1477 2359 1603 2426 eadem
1638 2363 1919 2448 transgressione
1953 2367 2011 2434 bis

502 2497 620 2584 puniri
644 2496 783 2578 debeat.
812 2504 849 2561 et
878 2513 983 2579 super
1010 2493 1078 2558 boc
1101 2492 1192 2577 petit
1220 2491 1398 2558 iudicium.
1443 2491 1487 2558 In
1515 2513 1586 2579 quo
1615 2515 1700 2563 casu
1725 2509 1781 2564 est
1804 2501 2008 2569 ordinatum

504 2636 599 2720 quod
640 2632 828 2699 mandetur
869 2639 907 2696 et
946 2628 1120 2698 scribatur
1158 2647 1222 2714 per
1266 2647 1374 2694 vnarn
1419 2626 1562 2696 Curiam
1598 2631 1645 2698 ad
1683 2633 1802 2714 aliam,
1839 2647 1875 2702 et
1914 2637 2009 2723 quod

503 2771 698 2838 secundum
725 2787 847 2833 eorum
876 2763 1167 2832 certificacionem
1196 2764 1343 2830 ulterius
1371 2765 1581 2851 procedatur
1608 2779 1715 2852 prout
1745 2770 1877 2837 iustum
1906 2770 2012 2841 fuerit

503 2905 572 2972 nisi
600 2905 690 2970 forte
719 2913 866 2988 utraque
895 2921 979 2987 pars
1014 2911 1126 2986 ponat
1162 2920 1201 2967 se
1227 2901 1265 2966 in
1300 2901 1503 2968 huiusmodi
1538 2901 1804 2989 certificacione,
1845 2910 1939 2994 quod
1977 2911 2013 2978 si

502 3043 659 3121 fecerint,
688 3050 820 3107 extunc
848 3041 1039 3106 secundum
1068 3037 1362 3105 certificaeionem
1391 3039 1490 3104 illam
1515 3043 1726 3124 procedatur
1754 3045 1800 3111 ad
1822 3045 2011 3126 iudicium

502 3182 602 3249 cuius
631 3179 792 3246 mandati
820 3188 922 3244 tenor
951 3176 1035 3244 talis
1063 3176 1169 3242 debet
1200 3195 1279 3242 esse
1292 3201 1346 3239 :-

633 3315 815 3382 “Dilectis
844 3313 968 3380 amicis
996 3321 1033 3378 et
1061 3311 1188 3379 vicinis
1214 3313 1289 3380 suis
1313 3311 1444 3378 Maiori
1468 3323 1506 3378 et
1529 3313 1676 3383 Ciuibus
1698 3317 1857 3388 London.
1883 3322 2011 3390 bones-

502 3453 650 3522 tissimis
679 3462 715 3520 et
750 3452 908 3518 eiusdem
944 3449 1109 3517 Ciuitatis
1146 3447 1411 3530 Communitati,
1449 3451 1504 3517 sui
1540 3449 1645 3516 amici
1682 3461 1718 3516 et
1746 3451 1854 3517 vicini
1894 3451 2013 3518 Maior

503 3599 539 3658 et
568 3590 674 3658 Ciues
697 3588 850 3655 Eboraci
873 3597 910 3654 et
932 3585 1090 3654 eiusdem
1117 3585 1282 3653 Ciuitatis
1307 3586 1542 3653 communitas
1566 3588 1727 3654 salutem.
1772 3585 1867 3672 Quia
1890 3588 2009 3655 Adam

503 3727 662 3795 Bemard
691 3723 1101 3792 mercatorattachiatus
1127 3723 1242 3789 estin
1271 3723 1371 3809 gilda
1395 3724 1479 3790 aula
1502 3732 1624 3789 nostra
1651 3723 1697 3788 ad
1726 3724 2009 3808 respondendum

503 3865 685 3934 Bernardo
724 3864 805 3931 Ade
842 3862 1034 3930 secundum
1072 3863 1188 3947 legem
1237 3860 1483 3927 mercatoriam
1526 3860 1571 3926 de
1610 3857 1743 3944 placito
1781 3860 1875 3944 quod
1916 3857 2009 3924 idem

503 4003 704 4068 Bernardus
734 4000 859 4068 reddat
886 3999 921 4066 ei
947 3999 987 4065 xl
1015 3999 1126 4065 libras
1155 4017 1245 4085 quas
1270 3997 1304 4065 ei
1338 3999 1444 4065 debet
1479 4018 1545 4085 pro
1580 3998 1735 4083 quodam
1771 4015 1862 4082 equo
1901 3997 2012 4064 badio

501 4159 606 4225 quem
635 4139 729 4204 idern
758 4137 877 4204 Adam
906 4137 1021 4202 eidem
1051 4135 1093 4203 B.
1120 4135 1216 4221 apud
1241 4133 1401 4201 London.
1433 4135 1471 4202 in
1500 4133 1700 4221 Smythfeld
1722 4134 1780 4201 die
1801 4133 1940 4202 veneris
1959 4155 2009 4200 xv
2078 4103 2082 4114 Ι

502 4275 561 4342 die
597 4275 730 4354 marcii,
761 4293 856 4340 anno
897 4272 999 4359 regni
1035 4273 1132 4360 regis
1161 4273 1327 4338 Edwardi
1355 4271 1420 4340 filii
1449 4271 1565 4358 Regis
1592 4270 1739 4338 Henrici
1767 4270 1808 4338 x⁰
1837 4271 2008 4353 vendidit,

502 4421 539 4479 et
587 4431 677 4496 quas
719 4410 752 4476 ei
797 4411 946 4477 soluisse
983 4411 1105 4477 debuit
1145 4409 1184 4476 in
1221 4409 1312 4478 festo
1349 4409 1473 4504 Sancti
1510 4409 1642 4477 Botulii
1679 4422 1809 4478 extunc
1847 4411 2009 4496 proxime

504 4549 665 4634 sequenti
690 4547 728 4613 in
758 4546 846 4614 feria
870 4547 1027 4615 eiusdem
1052 4549 1122 4616 loci
1158 4559 1196 4616 et
1231 4569 1292 4616 eas
1330 4550 1363 4616 ei
1399 4551 1557 4616 nondum
1590 4549 1697 4616 soluit
1732 4559 1772 4616 vt
1812 4549 1908 4617 dicit.
1961 4549 2010 4616 Et

505 4705 610 4771 super
638 4686 706 4752 boc
742 4686 835 4751 idem
872 4683 1075 4752 Bernardus
1113 4687 1151 4752 in
1191 4706 1257 4752 sua
1293 4686 1437 4772 propria
1475 4705 1628 4772 persona
1666 4688 1764 4754 venit
1806 4687 1937 4754 ibidem
1971 4685 2009 4751 in

503 4825 628 4890 eadem
659 4821 767 4890 Curia
790 4831 828 4888 et
855 4823 947 4888 bene
976 4823 1144 4910 cognouit
1169 4823 1264 4907 quod
1292 4821 1369 4906 ipse
1395 4825 1572 4906 quendam
1602 4843 1706 4910 equm
1736 4823 1880 4890 badium
1904 4822 2011 4890 dictis

502 4958 582 5024 loco
604 4967 641 5025 et
669 4969 827 5044 tempore
855 4959 893 5024 in
918 4958 1032 5026 forma
1059 4960 1219 5044 predicta
1241 4958 1275 5025 ei
1304 4979 1368 5044 pro
1396 4961 1446 5024 xi.
1476 4961 1576 5028 libris
1604 4961 1764 5027 vendidit
1788 4971 1825 5028 et
1850 4962 1944 5047 quod
1970 4960 2008 5025 in

503 5097 616 5162 forma
656 5096 815 5181 predicta
854 5095 1030 5181 predictas
1069 5097 1118 5160 xl.
1163 5095 1274 5162 libras
1318 5097 1413 5180 apud
1459 5095 1630 5164 Sanctum
1675 5095 1891 5182 Botulpbum
1941 5117 2007 5183 pro

1896 5223 1921 5276 G
