5224 6596
839 833 937 925 obe
959 832 1098 924 little
1123 833 1221 924 lieo
1247 833 1452 926 boolot
1481 834 1670 928 Buetol
1933 861 2005 933 227

499 1049 546 1116 ad
573 1049 725 1116 eundem
754 1046 944 1116 terminum
971 1046 1078 1129 facta,
1108 1048 1215 1116 simul
1244 1067 1325 1117 cum
1347 1049 1521 1129 domibus,
1544 1048 1678 1136 sbopis,
1700 1048 1863 1137 cotegiis,
1885 1049 2010 1129 seldis,

496 1183 606 1266 tostis,
649 1183 822 1272 gordinis,
866 1183 1090 1264 molendinis,
1128 1186 1303 1273 stangnis,
1337 1205 1441 1253 cursu
1484 1205 1576 1272 aque
1619 1185 1667 1253 ad
1701 1183 1906 1253 molendina
1943 1185 2010 1252 illa

496 1320 723 1401 decurrentis,
745 1319 952 1404 redditibus,
974 1320 1180 1408 langabllis,
1209 1333 1246 1390 et
1274 1323 1448 1391 localibus
1483 1323 1686 1407 tbeolooiis,
1715 1323 1858 1410 placitis
1885 1321 2005 1404 Curie,

496 1455 603 1537 feriis,
633 1458 807 1538 mercatis,
837 1457 1104 1544 quibuscunque
1134 1458 1250 1527 Curiis
1278 1459 1317 1527 in
1345 1461 1480 1528 eisdem
1507 1460 1596 1528 villa
1630 1469 1668 1528 et
1704 1459 1894 1544 suburbiis,
1923 1479 2007 1528 cum

496 1592 709 1660 omnimodis
736 1591 878 1673 finibus,
908 1592 1073 1673 exitibus,
1102 1594 1408 1682 redemptionibus
1436 1607 1473 1664 et
1499 1595 1782 1665 emeroiamontis
1807 1595 1846 1663 in
1868 1595 2003 1664 eisdem

495 1727 693 1810 forisfactis,
723 1728 935 1815 adiudicatis
962 1738 1000 1796 et
1027 1729 1283 1816 adjudicandis,
1312 1743 1350 1800 et
1378 1733 1543 1802 omnibus
1580 1733 1662 1802 eliis
1694 1732 2002 1820 jurisdiooionibus

494 1876 531 1934 et
565 1865 879 1934 consuetudinibus
906 1876 944 1935 et
970 1867 1199 1954 pertinenciis
1227 1869 1312 1937 ville
1347 1879 1384 1936 et
1420 1869 1675 1939 Suburbiomm
1711 1869 1885 1939 dictorum
1921 1889 2004 1936 cum

492 1999 732 2090 pertinenciis,
789 1991 941 2072 unacum
999 2005 1199 2072 reuersione
1255 2007 1414 2074 omnium
1471 2015 1654 2085 terrarum,
1710 2013 2001 2086 mementorum,

491 2141 703 2222 reddituum,
732 2149 769 2208 et
797 2140 1023 2208 semiciorum
1052 2139 1144 2208 infra
1171 2140 1392 2229 procinctum
1413 2139 1498 2207 ville
1518 2137 1676 2224 predicte
1697 2155 1996 2222 quommcumque

493 2279 694 2346 tenencium
740 2278 788 2346 ed
837 2277 1025 2346 terminum
1068 2278 1141 2345 vite
1183 2281 1241 2346 vel
1284 2297 1457 2345 annorum
1507 2294 1572 2361 per
1620 2293 1688 2342 nos
1735 2275 1794 2342 vel
1845 2274 2003 2360 aliquem

492 2415 757 2503 progenitorum
786 2423 985 2484 nostrorum
1013 2416 1193 2501 quondam
1218 2415 1363 2502 Regum
1391 2411 1527 2500 Anglie
1552 2412 1609 2480 vel
1639 2412 1729 2479 alios
1758 2430 1998 2498 quoscumque

492 2569 739 2619 concessorum
752 2552 810 2617 vel
824 2549 1101 2632 commissorum,
1116 2550 1210 2618 vnde
1224 2548 1378 2618 reuersio
1393 2550 1440 2616 ad
1457 2567 1604 2636 presens
1625 2547 1729 2617 nobis
1750 2548 1921 2637 competit
1941 2549 2002 2616 vel

491 2689 645 2775 pertinet
682 2695 745 2755 eut
787 2695 925 2774 spectat
967 2687 1211 2774 quouismodo,
1254 2703 1406 2754 visacum
1446 2683 1558 2752 firmis
1602 2695 1638 2753 et
1675 2684 1871 2752 redditibus
1914 2684 2000 2753 inde

491 2825 691 2907 reseruatis,
713 2825 839 2894 Castro
861 2825 945 2893 ville
965 2823 1123 2912 predicte
1144 2833 1181 2893 et
1200 2819 1344 2890 fossatis
1365 2820 1523 2906 ejusdem
1544 2822 1792 2888 tantummodo
1817 2821 1997 2906 exceptis;

491 2979 596 3029 cursu
629 2972 750 3029 tamen
790 2979 884 3048 aque
918 2961 1136 3029 decurrentis
1170 2960 1210 3027 in
1244 2957 1413 3046 predictis
1445 2955 1589 3025 fossatis
1618 2977 1729 3044 usque
1759 2957 2003 3025 molendinum

490 3100 616 3167 subtus
643 3063 807 3167 castinum
836 3098 928 3166 sicut
962 3117 1010 3165 ex
1045 3096 1192 3184 antiquo
1229 3094 1424 3176 consueuit,
1463 3113 1544 3161 cum
1583 3093 1672 3181 ripis
1709 3093 1871 3180 eju'sdem
1909 3113 2004 3180 aque

488 3253 554 3321 per
592 3235 751 3321 spacium
791 3243 943 3320 quatuor
980 3233 1112 3320 pedum
1152 3233 1191 3300 in
1231 3231 1419 3298 latitudine
1454 3250 1566 3317 voque
1605 3239 1761 3298 castrum
1788 3229 2002 3318 predictum,

488 3390 594 3457 quem
622 3370 768 3457 prefatis
795 3370 928 3456 Maiori
954 3380 992 3438 et
1021 3369 1275 3441 Communitati
1300 3370 1526 3440 concedimus
1552 3388 1618 3455 per
1645 3377 1830 3456 presentes
1861 3368 1995 3436 eisdem

487 3503 618 3591 Maiori
645 3514 683 3572 et
705 3505 959 3574 Communitati
988 3508 1134 3576 omnino
1162 3507 1362 3576 reserastis.
1406 3505 1582 3574 Habenda
1609 3514 1646 3572 et
1675 3506 1832 3574 tenenda
1860 3503 1931 3573 sibi
1958 3515 1999 3572 et

488 3641 750 3710 successoribus
778 3643 853 3710 suis
880 3662 904 3710 e
931 3643 1022 3712 festo
1051 3642 1177 3712 Sancti
1205 3643 1393 3711 Michaelis
1428 3641 1647 3730 Archangeli
1684 3641 1845 3728 proxime
1879 3640 2002 3710 funro

487 3797 599 3865 vsque
627 3777 809 3846 adfinem
838 3779 969 3868 viginti
998 3799 1172 3848 annorum
1200 3789 1332 3848 extunc
1352 3759 1514 3866 proxime
1535 3779 1760 3866 sequentium
1782 3789 1819 3846 et
1839 3779 2002 3866 plenarie·

488 3914 751 4002 completorum.
803 3913 852 3983 Et
888 3915 1035 3984 ulterius
1070 3916 1309 3986 concessimus
1344 3917 1479 3986 eisdem
1514 3915 1645 4004 Maiori
1676 3925 1714 3983 et
1742 3913 1999 3984 Communitati

485 4055 581 4139 quod
609 4051 679 4140 ipsi
706 4053 864 4120 babeant
891 4053 962 4120 sibi
989 4062 1027 4121 et
1053 4053 1314 4124 suecessoribus
1339 4055 1488 4122 durante
1515 4053 1666 4122 termino
1694 4053 1852 4140 predicto
1873 4051 2001 4120 omnia.

484 4189 586 4272 fines,
632 4190 896 4276 redempciones
938 4200 975 4256 et
1018 4189 1292 4261 emerciementa
1336 4204 1411 4261 tem
1455 4193 1614 4262 omnium
1656 4191 1840 4260 hominum
1883 4211 1994 4278 quam

485 4325 643 4394 omnium
694 4325 905 4406 tenencium,
956 4325 1095 4415 integre
1141 4329 1341 4398 tenencium
1392 4339 1429 4398 et
1478 4347 1551 4396 non
1594 4327 1733 4416 integre
1778 4326 1995 4408 tenencium,

484 4461 718 4532 residencium
747 4470 784 4528 et
808 4481 880 4529 non
909 4463 1153 4546 residencium,
1183 4465 1221 4532 in
1256 4477 1293 4535 et
1327 4468 1373 4534 de
1409 4465 1533 4547 feodis,
1569 4463 1673 4532 terris
1707 4472 1745 4532 et
1779 4462 1995 4532 tenementis

484 4618 565 4668 cum
594 4599 669 4668 suis
696 4599 935 4686 pertinenciis,
965 4620 1008 4668 ac
1036 4600 1189 4689 singulis
1217 4604 1305 4671 locis
1334 4603 1426 4672 inira
1455 4603 1675 4692 procinctum
1712 4601 1870 4689 eiusdem
1905 4601 1995 4669 ville

482 4736 664 4805 Bristollie
706 4745 744 4803 et
786 4736 955 4804 suburbia
991 4738 1149 4825 eiusdem
1188 4759 1231 4807 ac
1268 4741 1475 4810 comitatum
1519 4740 1701 4810 Bristollie
1741 4737 1987 4822 existentibus,

481 4873 588 4942 dictis
623 4873 750 4942 Castro
784 4884 821 4942 et
855 4873 1000 4943 fossatis
1030 4876 1201 4962 exceptis,
1237 4897 1376 4946 necnon
1412 4875 1530 4944 exitus
1562 4874 1762 4945 forisfectos
1796 4883 1834 4942 et
1868 4874 1994 4942 omnia

481 5031 551 5096 que
578 5011 626 5078 sd
654 5030 721 5080 nos
748 5021 786 5080 et
812 5012 960 5080 heredes
988 5022 1137 5094 nostros,
1167 5014 1317 5082 durante
1346 5012 1498 5081 termino
1526 5013 1697 5099 predicto,
1727 5009 1819 5079 infra
1853 5011 1989 5078 dicum

479 5150 603 5217 villam
631 5148 855 5218 Bristoll.·et
882 5149 1101 5238 pronianum
1129 5151 1287 5238 ejusdem
1315 5152 1490 5238 pertinere
1524 5149 1681 5236 poterint
1716 5151 1762 5216 de
1791 5166 1897 5229 anno,
1926 5145 1988 5215 die
