5224 6596
872 836 969 930 ube
995 836 1134 928 little
1159 837 1257 928 ileo
1282 838 1411 930 tloolr
1436 841 1486 929 ot
1517 840 1704 933 tirlstol
1970 867 2036 942 155

364 1122 382 1172 r.
395 1120 452 1186 sss.
842 1094 1270 1172 ORDINACIONES
1317 1096 1738 1176 PARLIAMENTI.

664 1269 779 1336 Three
814 1279 969 1336 extracts
1004 1269 1094 1337 from
1130 1271 1220 1338 Acts
1256 1269 1298 1339 oi
1332 1271 1551 1376 Parliament
1586 1273 1793 1362 regulating
1827 1275 1889 1340 the
1924 1273 2041 1360 gains,

535 1416 602 1474 etc.
632 1405 674 1473 oi
703 1406 916 1488 vicmallers,
951 1409 1031 1513 rstb
1059 1417 1151 1476 cent.

374 1707 446 1762 m
542 1666 801 1766 Confirmatr'on
830 1670 869 1756 by
898 1669 1030 1768 Hemy
1057 1668 1144 1759 JV,
1179 1669 1226 1770 of
1249 1671 1305 1746 the
1336 1669 1448 1746 Lause
1474 1673 1516 1769 by
1550 1671 1650 1767 Joan
1679 1671 1737 1746 lis
1770 1671 1887 1764 Qrmn
1916 1671 1963 1770 ff
1986 1671 2043 1746 the

537 1819 653 1895 Farm
686 1818 734 1918 of
756 1820 813 1895 tlt
845 1829 937 1896 tuum
974 1819 1021 1919 of
1051 1819 1202 1912 Bristol,
1241 1831 1275 1896 to
1317 1823 1374 1898 the
1414 1821 1551 1920 Mayor
1581 1825 1661 1898 and
1693 1822 1949 1922 Comnwnalb,
1971 1823 2045 1922 for

812 1999 836 2046 a
871 1973 991 2048 rmtal
1019 1972 1066 2073 eff
1081 1975 1194 2071 {182
1237 1996 1287 2066 7s.
1331 1975 1425 2065 roal,
1463 1981 1486 2052 8
1525 1975 1620 2064 Feb..
1662 1997 1767 2070 ¹409·

332 2186 377 2238 nn
393 2193 486 2235 nnus
669 2155 855 2238 Henricus,
882 2157 951 2224 Dei
974 2158 1106 2244 gracia,
1128 2157 1212 2225 Rex
1235 2159 1381 2246 Anglie,
1406 2159 1565 2240 Francis,
1591 2170 1628 2228 et
1656 2159 1832 2228 Dominus
1858 2158 2042 2240 Hibernis,

313 2259 514 2432 σξῗέἔιλιιξῦ
538 2291 713 2362 Omnibus
748 2295 796 2360 ad
835 2313 925 2379 quos
959 2303 1142 2379 presentes
1176 2295 1293 2362 littere
1331 2296 1555 2382 pervenerint
1595 2297 1756 2364 salutem.
1815 2295 2042 2382 Inspeximus

331 2453 491 2560 gam
538 2433 685 2498 alteram
710 2439 847 2516 partem
873 2430 1056 2498 cuiusdam
1085 2430 1277 2498 Indenture
1299 2431 1391 2498 inter
1413 2433 1632 2499 carissimam
1658 2442 1857 2500 consortem
1883 2444 2041 2500 nostram

537 2569 748 2652 Jobannam,
793 2567 974 2654 Reginam
1018 2568 1163 2655 Anglie,
1206 2588 1253 2636 ex
1295 2578 1397 2654 parte
1440 2589 1523 2650 una,
1569 2579 1605 2636 et
1644 2571 1843 2654 Jolrannem
1887 2569 2042 2649 Fissber,

537 2706 711 2773 Maiorem
739 2706 823 2773 ville
848 2705 1030 2772 Bristollie
1052 2725 1095 2772 ac
1118 2704 1416 2772 Communitatem
1453 2705 1610 2774 eiusdem
1647 2707 1732 2773 ville
1760 2717 1796 2774 et
1825 2725 2044 2774 successores

537 2863 620 2910 suos
664 2844 710 2910 ad
749 2842 860 2908 vitam
897 2840 1009 2927 ipsius
1045 2843 1219 2909 oonsortis
1255 2853 1375 2910 nostre
1412 2863 1456 2909 ex
1493 2851 1595 2930 parte
1632 2844 1744 2910 altere
1778 2842 1871 2910 facte
1907 2844 1944 2909 in
1978 2844 2044 2910 hec

536 2982 646 3048 verba
659 3007 715 3047 =-

663 3118 838 3203 Johanna,
857 3116 927 3184 Dei
948 3118 1079 3204 gracia,
1096 3117 1243 3204 Regina
1263 3117 1398 3204 Anglie
1419 3128 1456 3184 et
1471 3117 1619 3184 Francie
1637 3126 1673 3184 et
1686 3117 1845 3183 Domina
1860 3115 2042 3196 Hibernis,

537 3255 712 3323 Omnibus
741 3255 787 3322 ad
817 3275 906 3341 quos
931 3264 1114 3342 presentes
1141 3256 1257 3322 littere
1283 3255 1465 3322 indentate
1490 3254 1714 3340 pervenerint
1736 3256 1898 3320 salutern.
1955 3253 2044 3322 Cum

536 3391 845 3460 metuendissimus
874 3391 1050 3458 Dominus
1079 3410 1179 3457 meus
1200 3390 1284 3457 Rex
1304 3411 1369 3476 per
1389 3391 1528 3460 litteras
1542 3411 1633 3464 ,suas
1655 3400 1819 3477 patentes
1840 3400 1967 3476 quarto
1987 3391 2045 3458 die

535 3531 633 3614 Junii
648 3550 742 3597 anno
757 3531 859 3618 regni
874 3530 928 3596 sui
943 3539 1068 3616 quarto
1084 3527 1203 3619 [¹403]
1223 3530 1315 3596 inter
1328 3527 1400 3595 alia
1414 3529 1519 3596 nobis
1532 3528 1706 3597 concessit
1720 3529 1841 3596 omnia
1855 3530 1919 3596 illa
1932 3540 2044 3598 terras

538 3674 575 3736 et
613 3677 815 3736 tenemento
854 3677 891 3734 et
928 3671 981 3734 les
1020 3667 1284 3734 fflesshamelles
1320 3687 1389 3751 que
1426 3665 1566 3732 fuerunt
1605 3665 1712 3733 Anne
1751 3685 1865 3752 nuper
1902 3667 2044 3753 Regino

537 3807 673 3893 Anglie
701 3804 739 3872 in
768 3807 854 3872 villa
883 3805 1066 3872 Bristollia
1098 3807 1135 3871 in
1168 3805 1325 3872 valorem
1362 3802 1490 3890 viginti
1526 3803 1695 3868 librarum
1732 3821 1796 3888 per
1826 3821 1969 3884 annum,
2000 3823 2043 3870 ac

538 3943 676 4010 lirmam
705 3953 846 4010 centum
882 3943 1050 4010 librarum
1087 3963 1151 4028 per
1178 3961 1311 4008 annum
1346 3939 1385 4018 in
1413 3939 1501 4006 villa
1535 3939 1718 4006 Bristollia
1752 3959 1832 4006 cum
1867 3938 2042 4021 domibus,

539 4083 672 4168 sinopis,
695 4081 856 4167 cotagiis,
886 4082 1007 4161 celdis,
1037 4079 1144 4161 tostis,
1173 4076 1344 4165 gardinis,
1374 4077 1598 4158 molendinis,
1629 4076 1777 4163 stagnis,
1808 4087 1896 4164 tyna
1925 4077 2042 4158 castri,

538 4215 744 4295 redditibus,
784 4213 997 4300 langabulis,
1039 4211 1238 4290 theoloniis,
1281 4209 1434 4296 placitis,
1484 4212 1599 4291 curiis,
1646 4211 1753 4292 feriis,
1802 4213 1967 4280 mercatis
2007 4221 2044 4278 et

539 4353 704 4419 omnibus
731 4349 813 4417 aliis
845 4349 1163 4436 jurisdiccionibus,
1193 4349 1506 4415 consuetudinibus
1531 4358 1567 4416 et
1596 4347 1824 4434 pertinenciis
1849 4347 1934 4414 ville
1962 4368 2042 4433 pre·

539 4491 634 4556 dicte
659 4498 697 4555 et
721 4487 967 4555 suburbiorum
989 4487 1146 4553 eiusdem
1171 4507 1278 4572 quarn
1304 4486 1422 4572 Major
1447 4497 1483 4554 et
1509 4486 1752 4554 Communitas
1777 4485 1934 4552 eiusdem
1958 4487 2042 4553 ville

537 4625 695 4712 predicto
730 4624 1019 4692 metuendissimo
1048 4624 1191 4691 domino
1221 4643 1300 4690 meo
1330 4623 1426 4712 Regi
1456 4633 1492 4691 et
1527 4624 1715 4691 heredibus
1745 4623 1819 4690 suis
1856 4623 2041 4689 annuatim

537 4764 682 4830 reddere
717 4763 928 4830 tenebantur
963 4782 1027 4847 pro
1064 4761 1187 4829 eadem
1225 4761 1330 4836 villa;
1369 4779 1476 4845 quem
1513 4761 1634 4826 villam
1664 4761 1827 4827 dominus
1865 4759 2042 4826 Ricardus

538 4919 649 4986 nuper
671 4899 755 4966 Rex
775 4899 909 4987 Anglie
931 4900 1105 4967 secundus
1123 4907 1206 4983 post
1226 4905 1456 4984 conquestum
1476 4898 1613 4964 decimo
1633 4907 1758 4965 octavo
1781 4897 1839 4964 die
1859 4896 2042 4964 Februarii

536 5056 631 5104 anno
645 5038 747 5126 regni
762 5037 817 5106 sui
832 5037 969 5106 decimo
990 5046 1116 5104 octavo
1131 5033 1250 5127 [1395]
1266 5055 1329 5122 per
1343 5036 1480 5103 litteras
1494 5055 1578 5102 suas
1591 5045 1754 5122 patentes
1769 5035 1946 5102 commisit
1966 5034 2041 5102 sive

540 5173 713 5242 ooncessit
742 5174 889 5260 prelatis
918 5175 1047 5242 Maiori
1072 5186 1109 5242 et
1138 5174 1403 5244 communitati.
1449 5175 1662 5241 Habendarn
1691 5183 1728 5240 et
1755 5173 1947 5241 tenendam
1970 5173 2039 5238 sibi
