5224 6596
638 829 708 917 ¹⁶4
971 819 1070 912 due
1092 820 1232 913 little
1256 822 1355 914 tleo
1379 822 1508 914 Rodii
1533 821 1583 912 oi
1612 820 1801 914 Bridioi.

632 1033 775 1103 ballivis
798 1045 835 1102 et
858 1034 1030 1103 ministris
1058 1035 1248 1104 eorundem
1282 1035 1432 1104 Maioris
1455 1045 1494 1104 at
1522 1033 1805 1117 communitatis,
1830 1043 1868 1102 et
1896 1053 2136 1102 successorum

634 1191 777 1240 suorum
814 1173 869 1240 ad'
894 1181 1006 1241 totam
1042 1173 1154 1240 vitam
1185 1181 1343 1240 noemam
1378 1173 1474 1256 inde.
1506 1191 1647 1242 necnon
1679 1169 1781 1254 fines,
1809 1171 2074 1260 redempciones
2100 1181 2140 1240 et

634 1307 908 1376 amerciamenta
936 1310 1093 1377 omnium
1122 1309 1306 1378 hominum
1334 1320 1372 1377 et
1400 1309 1600 1378 tenentium
1628 1307 1865 1396 predictorum
1894 1305 1986 1374 infra
2013 1305 2137 1374 villam

632 1446 790 1515 Bristoll.
819 1456 857 1513 et
883 1444 1053 1514 suburbia
1080 1445 1237 1514 eiusdem
1265 1447 1351 1515 ville
1383 1445 1626 1526 edsmcium,
1655 1463 1698 1512 ac
1729 1441 1848 1511 exitus
1875 1441 2073 1510 barbatos
2100 1452 2138 1510 et

631 1582 755 1652 omnia
792 1604 862 1669 que
901 1585 947 1652 ad
988 1583 1104 1670 ipsum
1144 1583 1470 1652 metuendiosimum
1511 1581 1692 1650 dominum
1732 1599 1851 1650 meum
1891 1581 2032 1670 Regem
2071 1599 2135 1650 seu

631 1721 780 1789 heredes
808 1739 892 1789 suos
920 1722 978 1789 vel
1006 1721 1054 1788 ad
1079 1739 1146 1790 nos
1170 1719 1300 1789 virtute
1324 1719 1590 1788 concessionum
1618 1719 1857 1806 predictarum
1884 1719 2035 1786 durante
2059 1717 2134 1784 vita

633 1867 755 1926 nostra
777 1859 952 1944 pertinere
976 1866 1143 1944 poterunt
1166 1856 1212 1926 de
1238 1875 1344 1939 anno,
1366 1857 1426 1924 dle
1452 1866 1491 1925 et
1517 1865 1632 1936 vasto,
1657 1853 1888 1924 iodshcmris
1916 1864 1955 1923 at
1982 1853 2133 1922 murdris

632 1996 678 2063 de
706 2003 743 2063 et
770 1993 809 2060 iu
836 1993 1014 2072 dominiis,
1044 1993 1221 2078 maneriis,
1251 1993 1364 2076 terris,
1393 1993 1615 2075 tenementis,
1643 1993 1733 2062 locis
1760 2002 1798 2061 et
1824 1991 1939 2062 feodis
1966 1990 2134 2078 predictis

632 2131 725 2199 infra
751 2129 875 2198 villam
904 2129 1064 2199 Bristoll.
1093 2141 1131 2198 et
1165 2131 1384 2217 procinctum
1420 2129 1589 2210 eiusdem
1621 2149 1691 2217 que
1720 2147 1839 2198 coram
1867 2129 1947 2216 ipso
1974 2136 2134 2196 metuen-

632 2268 780 2336 dissimo
812 2267 956 2335 domino
991 2285 1070 2333 meo
1106 2263 1212 2350 Rege
1245 2273 1282 2332 et
1320 2265 1509 2332 heredibus
1541 2265 1615 2332 suis
1649 2263 1707 2332 vel
1746 2263 1785 2331 iu
1819 2261 2041 2332 Cmcelluria
2075 2261 2135 2328 val

630 2407 799 2474 heredum
828 2425 981 2485 suorum,
1011 2424 1074 2471 seu
1098 2422 1217 2471 coram
1240 2401 1474 2471 Thesaurario
1497 2411 1535 2470 et
1562 2401 1764 2470 Batonibus
1786 2401 1861 2469 suis
1882 2400 1941 2467 vel
1962 2399 2131 2466 heredum

631 2558 774 2608 suorum
795 2540 841 2607 de
866 2537 1053 2608 staceario
1077 2559 1141 2607 seu
1166 2559 1285 2608 coram
1308 2539 1521 2624 Justieiariis
1546 2539 1620 2606 suis
1644 2541 1701 2608 vel
1725 2538 1894 2606 heredum
1919 2555 2062 2605 suorum
2086 2536 2132 2604 de

630 2677 763 2760 Banco,
801 2685 863 2744 aut
901 2675 1114 2762 Justiciariis
1152 2678 1200 2744 ad
1232 2677 1365 2744 assises
1404 2677 1596 2764 capiendas
1635 2687 1672 2744 et
1714 2677 1841 2765 gaolss
1872 2673 2130 2752 deliberandas,

629 2833 692 2881 scu
719 2811 931 2898 Justiciariis
956 2813 1003 2880 ad
1031 2811 1183 2882 salonius
1210 2823 1248 2881 et
1276 2814 1576 2904 magnesianos
1605 2813 1799 2883 audiendas
1823 2821 1861 2882 et
1889 2811 2132 2880 terminandas

629 2951 833 3038 assignatis,
867 2951 925 3017 vel
959 2968 1079 3016 coram
1113 2949 1194 3018 aliis
1226 2949 1440 3034 Justiciariis
1473 2971 1537 3019 seu
1564 2949 1738 3019 ministris
1765 2950 1840 3018 ruis
1870 2949 1929 3018 vel
1962 2949 2132 3016 heredum

631 3107 774 3156 suorum
826 3087 1106 3174 quibuscumque
1152 3084 1229 3156 fieri
1277 3097 1315 3156 et
1362 3088 1558 3158 adiudicari
1605 3086 1796 3176 contigerit
1842 3105 1908 3175 per
1953 3093 2134 3153 extractas

629 3225 796 3292 scaccarii
818 3224 874 3292 sui
897 3225 954 3291 vel
976 3223 1145 3291 heredum
1168 3243 1311 3291 suorum
1333 3223 1477 3292 ballivis
1500 3234 1536 3293 et
1558 3225 1731 3294 ministris
1758 3225 1952 3292 eemndem
1982 3221 2131 3288 Maioris

627 3370 664 3429 et
700 3358 972 3429 Commuuitatis
1000 3369 1038 3428 et
1064 3379 1306 3429 successorum
1335 3380 1478 3429 sucrum
1507 3362 1554 3429 ad
1585 3371 1697 3430 totam
1725 3362 1836 3430 vitam
1872 3369 2030 3428 nostram
2066 3377 2131 3444 per

626 3517 753 3566 manus
791 3497 1008 3568 vicecomitis
1047 3495 1244 3568 Comiutrrs
1282 3498 1367 3567 villa
1405 3497 1587 3566 Bristollie
1619 3510 1656 3567 et
1694 3517 1936 3566 successorum
1972 3515 2127 3578 suorum,

625 3634 871 3703 vicecomitum
900 3634 1057 3702 eiusdem
1085 3635 1170 3704 ville
1198 3655 1264 3721 pro
1292 3645 1451 3722 tempore
1478 3635 1719 3716 nistentium,
1748 3635 1960 3723 inquorum
1985 3631 2129 3702 ballivis

535 3811 543 3828 ·
627 3770 796 3852 dominia,
826 3771 996 3854 maneria,
1024 3781 1127 3852 terre,
1156 3781 1369 3853 tenementa,
1401 3791 1444 3840 ac
1472 3773 1553 3840 loce
1579 3779 1617 3840 et
1652 3769 1757 3840 feoda
1784 3769 1946 3857 predicta
1972 3768 2133 3838 enisum

627 3909 711 3976 inde
738 3909 942 3976 liberandas
969 3908 1100 3990 levare,
1126 3909 1306 3994 percipere
1332 3918 1370 3976 et
1399 3908 1531 3976 habere
1562 3917 1713 3995 possum
1747 3907 1827 3976 sine
1861 3906 2049 3976 occoeione
2075 3906 2133 3973 val

627 4045 881 4132 impedimento
919 4045 1070 4134 predicti
1114 4045 1394 4114 merumdtselml
1432 4045 1568 4114 domini
1610 4045 1682 4113 mel
1724 4043 1840 4132 Regis
1882 4052 1920 4112 et
1961 4043 2131 4112 heredum

629 4201 770 4251 suorum
792 4181 999 4264 autonomi,
1021 4191 1084 4249 avt
1104 4180 1316 4249 ballivorum
1337 4200 1402 4250 seu
1421 4181 1662 4250 ministrorum
1684 4200 1827 4250 suorum
1849 4189 1911 4248 aut
1931 4187 2131 4247 nocherum

628 4335 937 4403 quorumcumque.
981 4316 1030 4384 Et
1057 4316 1153 4404 quod
1180 4317 1250 4404 ipsi
1278 4316 1397 4385 Maior
1423 4327 1461 4386 et
1488 4317 1732 4387 communitas
1759 4325 1797 4385 et
1825 4333 2044 4384 sucnoesores
2071 4312 2129 4382 sui

630 4453 781 4521 durante
807 4454 883 4520 vita
907 4463 1031 4522 noema
1057 4451 1214 4520 habeant
1243 4453 1281 4520 in
1305 4453 1471 4522 omnibus
1499 4462 1537 4521 et
1565 4453 1717 4540 singulis
1744 4453 1922 4534 dominiis,
1951 4451 2131 4531 maneriis,

630 4592 733 4660 terris
761 4589 983 4672 tenementis,
1012 4589 1101 4658 locis
1128 4600 1165 4658 et
1192 4587 1308 4658 feodis
1335 4591 1504 4676 predictis
1533 4589 1625 4658 infra
1652 4590 1775 4658 viliam
1803 4579 1961 4658 bristou.
1987 4597 2024 4656 et
2051 4607 2134 4675 pro·

633 4727 787 4796 cinctum
830 4725 988 4794 eiusdem
1030 4724 1126 4808 ville.
1170 4723 1296 4794 enno
1339 4736 1377 4795 et
1418 4724 1563 4796 fossatis
1604 4725 1763 4796 eiusdem
1805 4723 1922 4795 Caetrl
1965 4723 2135 4812 exceptis,

632 4863 764 4932 cardia
791 4861 960 4944 felonum,
988 4859 1215 4951 hugitvorum,
1245 4864 1487 4951 utlagatonrm
1515 4872 1553 4932 et
1580 4865 1862 4951 dampnatomm,
1892 4859 1951 4932 Ita
1973 4860 2071 4948 quod
2104 4858 2136 4928 si

635 4999 715 5090 quis
741 4998 924 5068 hominum
952 5009 989 5066 et
1018 4997 1219 5067 tenentium
1247 4997 1483 5087 predictorum
1507 5000 1656 5069 autulii
1684 4999 1722 5066 ln
1749 4997 1929 5079 dominiis,
1955 4993 2134 5077 menonis,

632 5133 748 5215 terris,
785 5133 1008 5216 tenementis,
1047 5133 1146 5217 locis,
1184 5143 1222 5202 et
1259 5134 1373 5204 feodis
1407 5136 1575 5224 predictis
1614 5135 1706 5205 inira
1743 5135 1867 5204 villam
1903 5132 2060 5202 Bristoll.
2096 5139 2134 5198 et
