5224 6596
636 851 708 922 226
977 841 1074 936 libe
1098 842 1237 933 little
1261 840 1359 932 ileo
1383 840 1512 931 Book
1539 839 1589 930 ot
1611 838 1798 931 annot

632 1055 753 1142 aliquo
782 1055 928 1124 crimine
955 1057 1106 1124 notabili
1134 1065 1170 1124 et
1198 1057 1322 1124 illicite
1349 1055 1444 1123 iacto
1472 1065 1595 1122 corrue
1621 1057 1702 1143 jura
1731 1053 1913 1125 emonica
1934 1053 1992 1122 vel
2016 1064 2142 1122 contra

633 1192 788 1279 aliquam
827 1193 1092 1262 ordinacionum
1131 1194 1367 1282 predictarum
1402 1203 1438 1260 et
1480 1190 1564 1259 inde
1607 1191 1790 1260 convictus
1832 1189 1939 1258 fuerit
1982 1190 2141 1279 legitime

632 1349 752 1396 coram
781 1329 901 1417 aliquo
926 1331 1046 1416 iudice
1074 1333 1195 1400 statim
1223 1339 1307 1417 post
1334 1329 1480 1398 tercium
1509 1327 1684 1396 defectum
1721 1327 1879 1396 totaliter
1914 1348 1938 1394 a
1972 1326 2141 1396 cantaria

482 1531 488 1546 ,
534 1529 541 1544 ,
632 1467 792 1553 predicta
819 1469 1019 1553 expellatur
1046 1479 1083 1536 et
1111 1477 1363 1548 ammoueatur,
1392 1465 1496 1533 etin
1525 1465 1605 1532 loco
1635 1484 1700 1532 suo
1729 1464 1802 1531 alie
1837 1483 1990 1550 persona
2012 1465 2141 1531 idonea

631 1623 696 1689 per
723 1605 894 1690 majorem
922 1605 1007 1674 ville
1035 1605 1192 1693 predicte
1219 1615 1256 1673 et
1284 1623 1472 1690 personam
1497 1602 1591 1670 dicte
1619 1603 1767 1670 ecclesie
1797 1602 1859 1688 qui
1886 1621 1953 1689 pro
1980 1611 2140 1688 tempore

631 1739 761 1806 fuerint
789 1743 826 1806 in
856 1741 1061 1810 Centuriam
1090 1743 1285 1829 predictam
1314 1739 1530 1810 confortatur
1558 1741 1597 1807 in
1624 1739 1738 1806 forma
1774 1739 1943 1824 predicta
1988 1739 2038 1807 Et
2072 1759 2139 1808 nos

631 1895 715 1942 vero
757 1877 907 1962 predicti
950 1879 1078 1965 Maior,
1121 1879 1339 1959 vicecomes,
1393 1875 1527 1944 Balliui
1576 1888 1613 1946 et
1660 1877 1905 1947 Commuuitas
1948 1887 2061 1944 terras
2102 1885 2140 1944 et

632 2019 835 2080 tenementa
874 2013 1033 2099 predicte
1069 2033 1148 2082 cum
1185 2013 1413 2101 pertinenciis
1446 2014 1616 2100 predictis
1653 2014 1811 2097 Rectorl,
1849 2013 2141 2082 Procuratoribus

632 2147 780 2215 ecclesie
808 2149 975 2235 predicte,
1006 2159 1042 2218 et
1071 2151 1331 2218 successoribus
1360 2151 1433 2218 suis
1462 2150 1501 2218 in
1529 2151 1645 2218 forma
1676 2152 1836 2239 predicta
1864 2161 1990 2220 contm
2017 2169 2143 2219 omnes

634 2291 760 2369 gentes
796 2285 1105 2354 warantizabimus
1150 2287 1418 2374 imperpetuum.
1484 2287 1529 2354 In
1567 2289 1668 2376 cujus
1702 2289 1755 2357 rei
1789 2287 2033 2357 testimonium
2072 2287 2143 2354 biis

634 2419 833 2489 indenturis
860 2423 1047 2510 tripartitis
1075 2433 1196 2512 partes
1223 2425 1380 2512 predicte
1410 2426 1530 2514 sigilla
1561 2449 1626 2496 sua
1656 2428 1858 2496 alternatim
1891 2433 2140 2514 apposuerunt

633 2553 768 2623 Datum
805 2557 985 2627 Bristollie
1022 2560 1191 2632 vicesimo
1226 2565 1285 2633 die
1320 2565 1551 2652 Septembris,
1589 2587 1684 2636 anno
1715 2567 1818 2656 regni
1846 2565 1964 2654 Regis
1994 2562 2142 2634 Ricerdi

635 2693 781 2761 secundi
807 2705 890 2781 post
920 2707 1149 2783 conquestum
1179 2701 1426 2772 terciodecimo
1455 2701 1587 2796 [¹³⁸9]-

546 3059 553 3076 .
641 2983 763 3062 Grani
794 2989 835 3086 by
866 2987 1000 3088 Hem
1041 2990 1102 3068 VI.
1139 2993 1186 3092 ῳ(
1209 2995 1265 3070 tlu
1299 3004 1391 3071 town
1428 2993 1476 3095 <ff
1506 2993 1650 3070 Brittol
1687 3003 1721 3069 to
1764 2991 1883 3092 Hugh
1933 2989 2140 3088 Wthrsord,

634 3137 691 3211 tte
722 3136 868 3236 Mayor,
905 3141 984 3215 and
1012 3151 1046 3217 to
1079 3143 1136 3218 the
1173 3143 1415 3244 commomlty
1447 3143 1656 3241 cffBristol
1676 3144 1764 3220 with
1789 3142 1845 3216 tte
1865 3151 1973 3240 gates,
2002 3141 2139 3231 diebu,

638 3287 950 3386 “fflessbamelcs,”
978 3301 1050 3418 etc
1065 3291 1202 3393 (wht'ch
1228 3297 1413 3392 Johanna,
1446 3299 1515 3374 lau
1550 3297 1667 3392 Quaen
1696 3295 1950 3397 cffEnghnd,
1980 3293 2145 3395 keldsor

635 3440 691 3514 the
724 3449 814 3516 tem
847 3439 894 3540 os
925 3443 992 3519 lter
1022 3443 1109 3544 lisc,¹
1128 3447 1235 3546 from
1269 3450 1326 3524 the
1357 3458 1473 3550 grant
1499 3447 1546 3548 ‘ff
1577 3449 1710 3546 Hem
1742 3447 1772 3524 I
1774 3447 1829 3537 t„
1866 3448 1935 3523 lau
1966 3444 2153 3547 Kingcff

634 3587 824 3689 Englond,
851 3592 919 3668 her
939 3595 1136 3698 husband),
1150 3599 1223 3696 for
1243 3609 1371 3698 nornty
1380 3626 1499 3698 years.
1553 3601 1681 3678 Daod
1695 3622 1743 3696 ²9
1759 3598 1865 3696 May,
1890 3619 1931 3690 17
1950 3596 2048 3673 Hm.
2077 3595 2138 3672 Vl.

1314 3749 1460 3852 [14³9]⁸

409 3913 510 3964 rmus
525 3921 610 3963 vuar
767 3903 955 3990 Henricus,
970 3907 1040 3978 Dei
1061 3913 1193 3998 gracia,
1216 3915 1300 3983 Rex
1321 3915 1456 4003 Anglie
1477 3927 1514 3984 et
1535 3915 1695 3997 Francis,
1709 3926 1746 3983 et
1760 3913 1937 3983 Dominus
1959 3911 2142 3993 Hibernis,

421 3977 600 4030 stimma
638 4039 803 4107 omnibus
831 4043 878 4108 ad
907 4063 998 4130 quos
1033 4059 1215 4133 presentes
1251 4053 1367 4120 littere
1403 4052 1628 4139 peruenerint
1664 4053 1824 4121 salutem.
1881 4049 2013 4118 Sciatis
2048 4048 2144 4136 quod

637 4177 878 4246 commisimus
906 4180 1046 4250 dilectis
1073 4186 1177 4253 nobis
1206 4186 1356 4276 Hugoni
1373 4189 1577 4272 thbiford,
1604 4189 1735 4275 Majori
1769 4187 1854 4256 ville
1889 4185 2081 4266 Bristollie,
2106 4194 2144 4251 et

638 4310 893 4384 communitati
924 4317 1083 4403 eiusdem
1119 4323 1204 4390 ville
1235 4335 1273 4392 et
1305 4327 1566 4394 successoribus
1609 4328 1683 4395 suis
1718 4327 1868 4396 eandem
1903 4325 2026 4392 villam
2062 4342 2142 4389 cum

637 4451 815 4519 suburbiis
850 4453 1009 4540 ejusdem
1048 4477 1091 4525 ac
1127 4479 1207 4527 cum
1242 4464 1366 4549 portis,
1395 4463 1501 4532 fossis
1536 4476 1573 4532 et
1609 4464 1719 4534 muris
1754 4463 1944 4532 eorundem
1986 4461 2072 4529 ville
2107 4468 2144 4526 et

638 4589 895 4672 suburbiorum,
935 4611 1074 4662 necnon
1124 4598 1246 4665 omnia
1295 4600 1359 4667 illa
1401 4611 1515 4670 terras
1557 4612 1595 4670 et
1636 4609 1850 4682 tenemento,
1900 4598 2059 4666 redditus
2108 4605 2145 4664 et
2181 4667 2182 4670 ,

640 4726 791 4794 seruicia
811 4737 848 4794 et
877 4729 957 4798 “les
979 4729 1264 4817 fflessbameles,”
1287 4758 1358 4823 que
1382 4738 1547 4824 Jobanna
1571 4759 1684 4826 nuper
1705 4739 1852 4827 Regina
1874 4737 2011 4825 Anglie
2033 4734 2147 4804 tenuit

641 4863 687 4929 ad
715 4863 905 4932 terminum
933 4867 1006 4936 vite
1035 4871 1164 4938 suein
1193 4875 1319 4943 eedem
1347 4875 1435 4944 villa
1463 4896 1509 4943 ex
1539 4876 1767 4944 concessione
1794 4875 1928 4942 domini
1966 4867 2147 4964 H[enrici]

639 5019 754 5087 nuper
781 5001 897 5090 Regu
925 5003 1060 5093 Anglie
1090 5009 1149 5076 aui
1178 5013 1300 5095 nostri,
1327 5013 1506 5099 quondam
1535 5013 1602 5081 viri
1631 5013 1697 5096 sul,
1726 5013 1842 5080 eidem
1868 5031 1980 5097 nuper
2003 5007 2148 5097 Regino

1308 5184 1320 5216 ¹
1336 5201 1363 5238 u.
1380 5200 1407 5254 p.
1426 5197 1480 5253 ¹55·
