5342 6616
649 827 697 902 ²4
988 806 1086 899 libe
1110 805 1249 898 little
1273 809 1371 898 ltco
1397 807 1526 898 ttoni
1552 807 1602 898 ot
1632 807 1824 899 tittetot.

646 1043 927 1122 Memorandum
944 1047 991 1146 ff
1000 1047 1057 1124 the
1078 1047 1202 1124 Grani
1224 1051 1265 1149 by
1281 1047 1451 1126 Rntard
1469 1047 1524 1124 II.
1544 1047 1592 1148 ff
1606 1049 1663 1124 the
1692 1048 1845 1148 Custody
1860 1050 1908 1149 eff
1921 1077 1945 1125 a
1977 1051 2162 1129 Tenem

801 1202 841 1274 in
857 1197 1009 1290 Bn'stol,
1027 1199 1196 1275 estreattd
1206 1209 1242 1277 to
1262 1201 1380 1294 Quaen
1396 1199 1519 1291 Anne,
1538 1209 1572 1276 to
1591 1199 1717 1276 Simon
1738 1197 1873 1290 Olioer,
1898 1207 2006 1296 1396.

779 1372 1006 1462 compertum
1020 1383 1077 1442 est
1097 1375 1137 1444 in
1159 1382 1182 1416 “
1191 1375 1403 1464 Originalie¹
1418 1377 1438 1406 '⁹
1461 1377 1507 1444 de
1529 1395 1625 1444 anno
1646 1375 1727 1444 xix’
1749 1376 1867 1464 Regia
1881 1376 2031 1444 Ricardi
2045 1379 2160 1447 rotulo

646 1509 689 1577 κο
703 1511 798 1596 quod
813 1510 907 1579 idem
922 1531 1035 1600 nuper
1049 1511 1135 1580 Rex
1149 1513 1329 1582 Ricardus
1342 1535 1406 1602 per
1425 1515 1565 1582 litteras
1583 1535 1668 1582 euna
1688 1524 1855 1601 patentes
1875 1515 1981 1582 datae
2000 1515 2079 1604 xvj⁰
2100 1517 2159 1584 die

646 1645 738 1714 Maii
751 1648 876 1716 eodem
897 1667 992 1716 anno
1013 1649 1094 1716 xix⁰
1117 1651 1258 1719 comisit
1280 1651 1419 1720 Simoni
1441 1649 1565 1720 Oliver
1585 1652 1631 1720 de
1651 1653 1810 1720 Bristoll.
1833 1653 2030 1721 custodiam
2052 1655 2158 1722 unius

645 1787 840 1854 tenementi
865 1805 945 1854 cum
968 1787 1200 1874 pertinenciis
1225 1787 1263 1855 in
1286 1789 1456 1857 suburbio
1479 1786 1639 1875 predicte
1665 1789 1751 1857 ville
1778 1791 1936 1861 Bn'stoll
1967 1795 2062 1880 quod
2091 1795 2158 1863 tuit

647 1925 795 1994 Henrici
820 1925 966 1992 Buxton
993 1926 1038 1992 de
1064 1925 1243 2004 Brittoll3
1274 1929 1370 2012 quod
1391 1927 1534 2012 quidem
1555 1935 1795 1996 tenementum
1818 1931 1864 1996 ed
1894 1949 2021 1998 manue
2049 1929 2157 1998 Anne

587 2067 595 2074 '
647 2082 760 2149 nuper
774 2061 918 2148 Regine
931 2061 1067 2150 Anglie
1083 2072 1253 2150 tanquam
1267 2036 1446 2131 Escheetb
1459 2083 1525 2131 aua
1542 2063 1685 2130 devenit
1699 2073 1736 2130 et
1750 2065 1787 2131 in
1802 2085 1930 2134 manue
1943 2066 2030 2134 dicti
2044 2085 2157 2152 nuper

647 2197 765 2286 Regis
778 2217 843 2284 per
857 2209 1006 2265 mortem
1021 2199 1134 2285 ipsius
1157 2219 1270 2286 nuper
1290 2199 1435 2286 Regino
1456 2200 1502 2267 ad
1524 2209 1609 2267 tunc
1629 2199 1760 2280 extitit,
1783 2221 1826 2268 ac
1847 2201 1953 2268 unius
1973 2202 2097 2288 plaoee
2118 2203 2156 2270 in

647 2333 949 2406 Seintmarietrete
970 2336 1128 2403 eiusdem
1143 2335 1228 2404 ville
1249 2357 1296 2404 ex
1309 2335 1475 2424 opposito
1488 2337 1637 2404 ecclesie
1657 2336 1754 2404 beati
1776 2336 1875 2405 Petri
1895 2337 1933 2404 in
1954 2337 2072 2404 vicum
2093 2339 2156 2424 qui

647 2493 688 2542 ee
707 2473 806 2541 ducit
826 2493 949 2541 versus
966 2471 1218 2561 Wynchestret
1238 2483 1403 2542 meatum
1424 2473 1463 2542 in
1485 2473 1590 2542 dictio
1614 2471 1756 2548 littoriu,²
1767 2473 2039 2561 Wyncheetrete
2057 2482 2095 2542 et
2117 2494 2156 2544 ee

647 2612 809 2680 extendit
831 2631 944 2700 usque
967 2614 1014 2680 nd
1040 2632 1203 2680 maneum
1231 2611 1406 2682 Willelmi
1435 2611 1558 2680 Poinz.
1617 2611 1833 2680 Habendem
1856 2631 1880 2678 e
1901 2611 1993 2679 festo
2017 2610 2154 2680 Paeche

647 2747 743 2818 dicto
766 2768 862 2818 anno
887 2749 953 2818 xix
975 2756 1088 2836 usque
1109 2748 1155 2815 ad
1177 2748 1366 2816 terminum
1387 2749 1427 2816 lx
1448 2767 1622 2816 annorum
1643 2757 1729 2815 tunc
1749 2747 1911 2835 proxime
1932 2747 2154 2834 sequentium

646 2885 806 2973 plenarie
819 2886 1086 2973 completorum.
1130 2883 1330 2952 Reddendo
1345 2884 1428 2952 inde
1442 2883 1541 2972 Regi
1554 2904 1619 2971 pet
1633 2904 1766 2952 annum
1788 2884 1953 2953 videlicet
1973 2905 2038 2974 pro
2059 2886 2156 2954 dicto

648 3033 851 3092 tenemento
863 3043 942 3092 ω.
955 3032 993 3092 et
1007 3041 1072 3110 pro
1085 3023 1246 3111 predicta
1258 3023 1385 3108 placea
1404 3021 1471 3108 iijs.
1494 3019 1579 3107 iiijd.
1601 3030 1638 3089 et
1659 3021 1730 3088 xld.
1753 3021 1847 3089 ultra
1868 3023 1914 3089 de
1935 3021 2152 3092 incremento

648 3159 696 3228 ad
710 3159 880 3234 terminos
893 3159 1032 3229 Paeche
1047 3166 1084 3226 et
1098 3157 1213 3224 sancti
1226 3155 1415 3225 Michaelis
1428 3157 1612 3243 equaliter,
1626 3165 1693 3224 etc.

499 3492 506 3508 .
552 3491 560 3508 .
654 3421 1134 3503 CONSUETUDINES
1182 3420 1353 3498 VILLE
1457 3420 1717 3498 CUSTOMS
1743 3421 1818 3497 OF
1844 3418 1960 3496 THE
1995 3420 2165 3499 TOWN

854 3574 1152 3652 BRISTOLL.
1632 3569 1707 3650 OF
1731 3567 1986 3648 BRISTOL.

649 3751 738 3842 (Tne
766 3751 845 3820 title
880 3751 919 3820 in
948 3771 973 3819 a
1005 3750 1085 3835 utu
1114 3757 1206 3817 eont.
1242 3749 1352 3830 band,

648 3889 823 3976 probably
835 3887 915 3956 thet
927 3884 970 3956 of
982 3884 1078 3970 Jobn
1096 3881 1190 3973 Guy,
1204 3879 1352 3969 mayor).

692 4051 762 4120 'ln
775 4051 946 4120 honorem
967 4048 1028 4117 del
1047 4044 1303 4134 omnipotentia
1316 4052 1354 4111 et
1497 4042 1552 4111 To
1572 4042 1633 4110 the
1653 4042 1792 4110 honour
1812 4040 1855 4109 of
1869 4039 2061 4130 Aimighty
2076 4039 2157 4110 God

649 4207 714 4276 pro
727 4185 989 4274 tranquillitate
1001 4185 1102 4271 pacis
1117 4182 1240 4250 villam
1254 4179 1353 4248 Bria-
1454 4180 1528 4249 and
1563 4177 1618 4247 for
1651 4178 1714 4246 tbe
1749 4179 1971 4266 tranquillity
2013 4177 2055 4246 of
2093 4179 2155 4246 the

650 4324 726 4394 toll.
772 4321 1054 4390 inhabitancium
1102 4318 1149 4386 nd
1188 4325 1356 4407 rogatum
1453 4315 1676 4384 inhabitants
1697 4315 1739 4384 oi
1754 4315 1816 4384 the
1836 4325 1932 4387 town
1954 4314 1995 4383 of
2011 4315 2155 4396 Brietol,

650 4459 924 4532 Communltatis
953 4457 1113 4526 eiusdem
1143 4455 1239 4537 ville,
1272 4451 1354 4540 Ego
1453 4462 1494 4520 et
1515 4454 1578 4522 the
1601 4461 1743 4540 nequest
1764 4451 1806 4521 of
1824 4454 1886 4520 the
1906 4451 2157 4539 eommonnty

650 4597 854 4667 willelmus
861 4597 908 4666 de
917 4593 1062 4666 Colford
1075 4601 1207 4661 extunc
1220 4590 1353 4660 ibidem
1453 4588 1497 4659 oi
1519 4589 1581 4658 the
1608 4610 1709 4658 same
1736 4598 1843 4672 town,
1868 4589 1897 4670 1,
1921 4589 2084 4658 william
2112 4590 2157 4656 de

710 4709 1623 4825 ⁴²'llte“01lgirnlin”or“linteatioitltoclunoery”rterollt
1642 4749 1922 4817 (novintbel’nblic
1941 4749 2045 4802 Reoord
2067 4748 2157 4814 Odioe)

648 4848 796 4916 oennmng
811 4843 1216 4916 nmeniptoofgnnffleeeee,
1233 4839 2159 4910 amvhneiunyrenttwummedtothmomortorwtich

649 4931 1370 5008 nnypnymmtoreemlcewnttobereuderedotdone.

715 5053 875 5106 wnbn
901 5051 1042 5120 -bmul

716 5054 1253 5236 meantum-foedauere
1272 5167 1345 5230 moy
1363 5157 1915 5214 mimmenueutuenednoou
