5294 6592
612 774 660 862 56
947 767 1044 858 dne
1067 767 1206 879 little
1230 769 1328 859 nee
1353 771 1482 861 Book
1507 770 1558 895 ot
1588 771 1777 866 metet

772 981 1225 1060 SACRAMENTUM
1265 984 1456 1062 PORTA
1464 985 1627 1063 roms
1682 987 1951 1068 VINORUM

739 1129 811 1252 (Ξοο
833 1141 935 1217 oyetz
951 1153 1051 1214 vous,
1072 1143 1138 1201 ete
1183 1134 1231 1201 Et
1245 1135 1440 1222 loyalment
1453 1135 1488 1200 le
1501 1137 1612 1203 meite
1631 1148 1668 1205 et
1681 1139 1718 1204 la·
1732 1157 1928 1222 commune,
1944 1142 2062 1228 privet
2082 1153 2118 1211 et

609 1278 827 1354 estraunges,
849 1289 895 1336 en
909 1291 1010 1355 vyns,
1031 1271 1175 1356 weydes
1189 1282 1226 1339 et
1239 1280 1332 1338 totos
1347 1273 1455 1340 altres
1468 1275 1594 1340 chose·
1608 1277 1855 1359 appendamtz
1870 1297 1894 1344 a
1908 1299 1991 1346 mon
2016 1277 2116 1349 offioe

609 1403 804 1490 loyalment
826 1407 980 1493 servirey
1004 1418 1041 1473 et
1066 1410 1128 1475 nul
1150 1411 1233 1475 hom
1256 1410 1454 1497 delayerey,
1471 1429 1546 1476 mes
1560 1430 1640 1477 eum
1654 1411 1708 1478 les
1721 1413 1833 1480 distes
1846 1415 1972 1482 choses
1986 1426 2113 1503 noyent

610 1561 689 1627 mys
714 1561 737 1607 a
762 1551 853 1608 terre
878 1554 1093 1628 poestement
1111 1565 1219 1611 moun
1245 1547 1348 1634 signe
1372 1556 1531 1633 mettrey.
1585 1548 1633 1614 Et
1655 1549 1892 1617 hestivement
1911 1551 1965 1620 les
1988 1555 2114 1620 choses

609 1679 832 1746 avauntdites
861 1701 907 1746 eu
931 1681 1003 1748 lieu
1033 1683 1196 1768 nesignee
1220 1684 1332 1750 solnm
1357 1685 1391 1750 le
1414 1685 1488 1770 pn's
1514 1685 1782 1754 nuncienement
1807 1689 1952 1756 ordinae
1976 1698 2013 1756 et
2031 1709 2116 1758 usee

536 1791 540 1798 ⁵
607 1815 843 1883 hastivement
868 1827 1000 1905 trerrey
1024 1829 1060 1886 et
1084 1839 1130 1886 en
1153 1821 1312 1888 meisoun
1337 1822 1563 1908 berbegerey.
1610 1821 1668 1889 ·Et
1692 1830 1785 1890 tetes
1805 1823 1913 1890 altres
1937 1824 2063 1892 choses
2091 1845 2115 1894 a

607 1973 715 2020 moun
730 1953 830 2020 office
843 1956 1092 2039 appendauntz
1105 1957 1300 2044 loyalment
1314 1959 1389 2047 frey
1403 1979 1446 2045 sy
1459 1959 1578 2047 dyeux
1591 1961 1707 2046 meyd,
1722 1969 1789 2026 etc.

727 2177 1177 2259 SACRAMENTUM
1225 2181 1524 2261 COMMUNIS
1576 2182 1993 2262 SUPERVISORIS.

737 2325 808 2394 Ceo
833 2337 935 2415 oyetz
964 2349 1063 2409 vous,
1092 2340 1158 2397 etc.
1192 2350 1237 2418 qe
1275 2332 1330 2399 ieo
1361 2351 1479 2417 serrey
1515 2329 1612 2417 foyal
1652 2341 1690 2398 et
1718 2332 1825 2418 leym,
1856 2341 1923 2400 etc„
1990 2331 2040 2400 Et
2062 2333 2115 2402 les

605 2483 807 2530 communes
833 2465 1041 2551 overaignes
1070 2467 1115 2532 de
1143 2487 1294 2533 mesmes
1322 2468 1360 2534 la
1387 2468 1471 2534 ville
1500 2488 1567 2554 par
1591 2478 1797 2555 avysement
1822 2469 1885 2535 des
1908 2470 2115 2538 seneschnls

603 2607 797 2693 loyalment
819 2627 1034 2694 sourverrey.
1079 2607 1127 2675 Et
1150 2619 1262 2692 qaunt
1280 2618 1317 2675 et
1339 2609 1421 2693 quel
1443 2608 1553 2675 honre
1578 2629 1623 2694 qe
1647 2609 1702 2676 ieo
1721 2628 1850 2695 verrny
1869 2609 1953 2676 nule
1974 2608 2115 2676 defaute

603 2745 773 2810 tochaunt
787 2745 824 2811 la
838 2764 1022 2812 commune
1036 2764 1081 2811 en
1095 2765 1192 2812 murs
1205 2755 1242 2813 et
1256 2765 1302 2812 en
1317 2746 1425 2812 altres
1435 2746 1556 2832 places
1570 2747 1615 2812 de
1629 2747 1667 2812 ln
1680 2746 1765 2812 ville
1780 2745 1837 2813 ieo
1852 2745 1969 2833 ferrey
1982 2766 2115 2834 gnrnyr

602 2884 637 2947 le
659 2882 769 2946 maire
784 2860 831 2948 ¹et
856 2883 1058 2948 seneschals
1079 2884 1123 2949 de
1140 2881 1227 2949 faire
1252 2884 1305 2949 les
1327 2884 1506 2951 amendes.
1558 2883 1606 2951 Et
1628 2894 1740 2970 qeunt
1763 2883 1819 2951 ieo
1843 2903 1964 2973 sernay
1983 2903 2045 2952 sur
2061 2884 2114 2952 len

603 3037 807 3086 communes
821 3019 1030 3106 overaignes
1045 3019 1099 3086 ieo
1115 3039 1319 3106 sourverrey
1339 3040 1384 3105 qe
1406 3022 1459 3086 les
1478 3039 1666 3087 neverours
1689 3020 1808 3088 sanent
1831 3020 1916 3088 bien
1941 3033 1978 3088 et
2001 3020 2113 3107 loyel·

603 3167 701 3224 ment
722 3157 800 3222 lour
820 3175 1040 3243 overaygnes
1062 3166 1098 3223 et
1119 3176 1164 3242 qe
1186 3157 1248 3224 nul
1270 3177 1315 3223 ne
1329 3175 1466 3243 progne
1479 3159 1562 3243 plus
1576 3156 1620 3224 de
1634 3157 1672 3224 ln
1685 3177 1871 3224 commune
1885 3157 1936 3243 qil
1947 3177 1993 3224 ne
2007 3175 2114 3242 putre

602 3295 758 3362 deservit
785 3314 853 3379 pur
878 3295 915 3360 la
939 3296 1097 3378 Journee.
1141 3293 1190 3361 Et
1218 3313 1263 3380 qe
1291 3294 1348 3362 ieo
1377 3295 1471 3381 byen
1504 3303 1540 3361 et
1565 3295 1760 3382 loyalment
1782 3295 1932 3380 iugerey
1952 3305 2063 3362 terres
2076 3303 2114 3361 et

600 3434 760 3500 boundee
773 3413 1080 3520 parentrEveysyn
1095 3442 1131 3499 et
1145 3452 1290 3518 veysyn.
1335 3431 1384 3499 Et
1397 3451 1464 3518 pur
1478 3432 1584 3498 doute
1599 3451 1644 3496 ne
1658 3449 1726 3517 pur
1740 3431 1835 3498 doun
1852 3447 1915 3496 nen
1925 3449 1971 3496 ne
1985 3431 2111 3516 lerray.

600 3571 647 3638 Et
673 3539 768 3637 tnutz
794 3571 847 3636 les
873 3591 1060 3637 oeverours
1074 3571 1300 3637 demorauntz
1319 3590 1365 3635 en
1379 3572 1415 3636 le
1430 3571 1516 3638 ville
1531 3589 1725 3656 surverrey.
1770 3567 1819 3636 Et
1837 3569 1951 3636 selom
1965 3586 2028 3634 oeo
2042 3565 2112 3652 qilz

597 3708 746 3784 pussont
766 3700 932 3784 deservyr
946 3719 1013 3784 pur
1026 3699 1064 3765 ln
1080 3699 1227 3784 journee
1248 3699 1442 3784 prendront
1462 3717 1589 3786 nemye
1611 3697 1793 3782 qnprentiz
1815 3695 1963 3781 preigne
1986 3702 2111 3760 ateunt

598 3843 675 3891 com
701 3844 750 3890 un
774 3824 847 3891 bon
874 3845 1052 3893 oeverour.
1097 3826 1145 3893 Et
1170 3837 1306 3913 auxynt
1325 3827 1395 3914 qilz
1418 3846 1463 3892 ne
1477 3835 1677 3912 preygnent
1692 3824 1755 3888 nul
1774 3823 1978 3890 alowaunce
1992 3821 2037 3888 de
2049 3822 2111 3887 nul

596 3947 673 4014 iour
700 3949 745 4016 de
767 3949 846 4016 fest.
905 3951 952 4016 Et
982 3971 1027 4036 qe
1050 3951 1106 4018 ieo
1132 3971 1253 4038 serrey
1277 3963 1376 4037 ptest
1401 3972 1424 4019 e
1450 3961 1542 4019 tetes
1565 3953 1618 4017 les
1644 3951 1774 4018 homes
1797 3969 1842 4035 qe
1866 3952 1920 4017 les
1942 3950 2055 4016 maire
2074 3958 2111 4017 et

594 4077 797 4144 seneschals
820 4089 966 4145 nveront
992 4099 1015 4146 n
1037 4078 1124 4148 faire
1150 4080 1196 4146 de
1222 4100 1315 4169 moy.
1360 4079 1408 4147 Et
1431 4099 1474 4167 sy
1495 4080 1557 4146 nul
1578 4097 1726 4146 overour
1746 4077 1816 4143 soit
1830 4077 2049 4144 contrarious
2063 4097 2110 4144 ou

594 4207 698 4290 voyle
711 4207 862 4292 prendre
875 4209 957 4292 plus
971 4208 1022 4294 qil
1037 4213 1146 4292 putre
1164 4210 1330 4296 deservyr
1351 4229 1397 4275 ou
1420 4209 1637 4274 demaunder
1658 4208 1861 4274 alowaunce
1882 4226 1950 4291 pur
1965 4207 2042 4272 iour
2065 4208 2109 4273 de

594 4332 683 4400 feste
697 4343 855 4401 tauntost
869 4335 981 4421 ferrey
995 4354 1128 4422 garnyr
1142 4340 1195 4402 les
1212 4337 1324 4402 maire
1339 4346 1376 4402 et
1390 4338 1593 4404 seneschnls
1607 4336 1652 4402 de
1666 4355 1691 4420 y
1706 4345 1832 4402 mettre
1846 4335 2020 4420 remedye.

808 4465 915 4532 From
951 4467 1012 4531 the
1047 4466 1153 4533 naths
1188 4466 1319 4551 quoted
1351 4467 1464 4533 above
1496 4465 1557 4530 the
1591 4464 1707 4530 dutiee
1736 4463 1777 4530 of
1806 4463 1867 4528 the
1896 4460 2043 4529 officials
2072 4461 2114 4530 of

893 4595 955 4659 the
972 4592 1205 4680 corporation
1220 4593 1261 4661 of
1278 4567 1416 4662 Brdstol
1442 4594 1479 4660 in
1501 4593 1562 4660 the
1582 4593 1715 4659 middle
1729 4593 1770 4660 of
1787 4592 1848 4658 the
1867 4592 1947 4673 14th
1961 4601 2109 4678 century
2131 4607 2133 4610 ⁴

896 4741 981 4807 may
995 4722 1041 4788 be
1054 4723 1237 4809 gethered.

808 4847 884 4915 The
907 4851 1011 4917 oaths
1032 4851 1138 4917 taken
1162 4853 1211 4938 by
1231 4852 1292 4917 the
1313 4850 1487 4936 principal
1509 4847 1656 4916 officials
1680 4849 1718 4914 in
1739 4848 1800 4913 the
1827 4847 1907 4913 16th
1930 4855 2022 4914 cent.
2047 4866 2108 4914 are

894 4977 1001 5064 given
1023 4979 1061 5046 in
1083 4979 1238 5066 Rycarffs
1258 4977 1448 5059 Kalendar,
1471 4980 1536 5046 but
1557 4997 1603 5044 no
1626 4976 1784 5043 mention
1801 4974 1833 5041 is
1849 4975 1955 5041 made
1974 4973 2016 5041 of
2033 4993 2104 5058 any

896 5116 1016 5193 surety
1029 5128 1070 5174 or
1084 5109 1169 5174 nath
1183 5109 1291 5174 taken
1312 5110 1361 5195 by
1375 5108 1436 5174 the
1450 5106 1565 5173 minor
1578 5103 1714 5173 offieers
1729 5113 1767 5170 at
1782 5103 1863 5170 that
1877 5103 1974 5170 time.
